3168 4988
347 330 423 407 τοι
561 268 568 283 ’
637 326 854 402 mentun
884 329 1143 405 erronem

346 503 464 571 τύντυν
491 500 533 568 τύ
563 497 723 581 σύμβολα,
745 497 789 575 εδς
809 500 864 564 καί
886 495 1004 575 αύτούς
1034 500 1227 585 ἐκπλαγῆναι
1249 497 1327 579 τούς
1345 508 1447 569 πελε-

324 607 440 688 1μίους
467 604 523 669 καί
553 601 624 667 τύτε
649 602 862 685 βεβαιοτέραν
891 597 945 686 τὴν
974 600 1144 685 ὁμολογίαν
1174 603 1446 682 δπισυντύξασθαι

345 706 402 790 τῆς
421 699 620 777 δουλύσεας.
663 702 719 764 καί
736 697 797 784 γὰρ
820 695 988 785 ἑπιβύντος
1010 702 1113 766 αύτού
1134 704 1188 786 τῆς
1209 701 1362 788 τοιαύτης
1384 705 1449 767 πύ-

346 810 426 880 λευς
447 803 530 886 μετύ
550 804 608 888 τῆς
628 804 745 879 οἰκείας
766 800 948 884 δυνάμεως,
970 805 1026 868 καί
1053 802 1112 877 τδς
1131 799 1298 885 βασιλικδς
1318 805 1449 888 εύεργε-

346 909 419 981 σίας
439 907 495 969 καί
511 910 703 989 στρατηγίας
731 904 845 988 σαφῶς
877 905 1099 985 διατιθεμένου
1130 908 1186 970 καί
1215 905 1472 989 διατύττοντος,5

345 1007 401 1072 καί
409 1012 519 1086 τιμαῖς
533 1008 751 1088 περιβλέπτοις
770 1004 1054 1088 καταγεραιροντος
1078 1003 1152 1083 τούς
1175 992 1323 1081 α’στίκούς
1337 1029 1372 1071 τε
1392 1007 1449 1072 καί

346 1106 486 1190 ξενικούς
508 1108 563 1171 καί
584 1098 653 1172 ὅσοι
674 1107 731 1188 τῆς
752 1107 903 1189 στρατιᾶς
932 1104 987 1170 καί
1004 1109 1059 1188 τῆς
1088 1100 1185 1190 ἄλλης
1208 1108 1361 1191 διαμονῆς
1383 1133 1447 1172 πα-

346 1206 538 1292 ρετύγχανον
558 1204 634 1291 περί
653 1203 708 1271 τύν
729 1207 782 1291 τῆς
799 1206 937 1281 Νικαίας
952 1210 1129 1290 περίβολον,
1152 1205 1183 1269 οἱ
1207 1209 1343 1291 Τούρκοι
1365 1209 1446 1271 δοσ-

346 1310 451 1397 λικοδςΙ
471 1303 823 1390 ἐστρατοπεδεύσαντο,
856 1308 913 1370 καί
938 1305 994 1390 τήν
1025 1308 1073 1382 τίς
1100 1303 1199 1371 αύτδν
1221 1302 1444 1387 ἐπιταχθέντες

346 1406 469 1475 εἴσοδον
490 1410 534 1497 τῷ
554 1405 666 1490 στήθει
688 1407 745 1484 τύς
762 1416 876 1490 χεῖρας
897 1410 1098 1485 συνίπλεκον,
1118 1408 1174 1471 καί
1193 1405 1250 1492 τη“ν
1270 1410 1351 1471 θέαν
1369 1407 1445 1472 τού-
1454 1413 1491 1467 10

345 1533 399 1576 του
419 1508 570 1594 μεγίστην
601 1509 786 1593 εύεργεσιόν
808 1506 969 1586 ἐτίθεντο,
1002 1508 1058 1572 καί
1082 1517 1253 1591 συμπονεῖν
1282 1506 1370 1596 αύτῷ
1390 1514 1445 1574 καί

345 1605 566 1695 συμπράττειν
580 1608 620 1673 τὰ
643 1607 776 1694 θυμηρη
798 1608 1089 1692 κατεπηγγέλλοντο.
1132 1606 1183 1672 διδ
1206 1611 1265 1673 καί
1281 1631 1363 1683 τινες
1380 1612 1444 1674 τῶν

345 1706 547 1791 εύποτριδύν
573 1711 630 1793 τῆς
651 1713 833 1793 Περσίδος,
864 1709 1001 1795 ἀδελφοί
1029 1708 1108 1775 κατύ
1134 1707 1238 1793 σύρκα
1267 1706 1326 1773 καί
1346 1710 1443 1795 φύσιν

344 1806 562 1889 ύπύρχοντες,
592 1812 648 1872 καί
668 1805 725 1895 την
755 1813 811 1874 τού
836 1808 1091 1894 Κουτλουμούση
1119 1811 1306 1889 ἐπωνυμίαν
1323 1810 1359 1873 le
1379 1833 1444 1873 πα-
1495 1860 1500 1865 .

344 1902 449 1993 τρςύας
471 1911 685 1992 προσηγορίας
707 1910 914 1995 ἐφέλκοντες,
946 1912 1002 1994 τῆς
1033 1912 1237 1992 σουλτανικῆς
1257 1910 1292 1972 δὲ
1313 1910 1490 1992 μερίδοςίίν

343 2009 399 2072 καί
417 2009 563 2085 ἐξουσίας
577 2009 832 2092 ἀντιποιούμενοι
853 2012 909 2074 καί
928 2012 972 2098 τῷ
992 2010 1136 2098 ε’θνύρχη
1156 2012 1219 2075 τῶν
1235 2001 1363 2079 olom
1385 2008 1444 2073 α’ν-

336 2105 571 2192 ’τιταττύμὲνοι,
592 2114 648 2177 καί
672 2110 752 2177 κατὰ
775 2114 871 2176 τούτο
899 2113 939 2200 τῇ
954 2110 1122 2193 Ῥωμαίων
1152 2108 1444 2197 πρυσφοιτήσιιντες

342 2213 392 2298 γῇ,
414 2208 469 2275 καί
489 2211 603 2295 κρύτος
620 2205 747 2288 ἑαυτοῖς
766 2213 930 2278 α’ντιθετον
946 2215 1053 2303 ἐκείνην
1074 2209 1342 2298 περιποιούμενοι,
1363 2235 1444 2293 προ-

345 2313 466 2395 σῆλθον
487 2312 573 2402 αύτῷ
598 2311 684 2379 κοτδ·
693 2316 842 2379 Νίκαιαν.
872 2318 928 2378 καί
949 2307 1023 2397 ὅπερ
1047 2315 1081 2379 δν
1102 2308 1212 2379 ούδενί
1231 2317 1362 2396 βασιλεῖ
1378 2314 1443 2377 τύν

345 2414 485 2495 Περσῶν
503 2417 613 2496 γόνους
642 2409 727 2489 δ’ντες
748 2417 917 2496 βασιλικού
944 2407 1017 2481 ούτε
1034 2413 1203 2497 Ῥωμαιδυν
1235 2415 1488 2491 κατεδέξαντοαο

344 2514 482 2595 πρᾶξαι,
512 2518 608 2580 τούτο
635 2513 715 2600 πρδς
746 2512 841 2581 αύτύν
869 2513 1059 2599 παραδόξως
1089 2517 1279 2597 α’πίδειξαν,
1308 2513 1386 2598 γύνυ
1407 2538 1441 2580 τε

343 2615 504 2691 κλίναντες
523 2617 579 2679 καί
597 2618 819 2700 προοδοποιεῖν
850 2616 936 2704 αύτῷ
957 2613 1014 2700 την
1043 2617 1088 2694 είς
1104 2614 1159 2700 τὴν
1178 2619 1332 2703 βασιλίδα
1354 2615 1443 2681 ύδοι-

342 2711 459 2794 πυρίαν
486 2712 547 2779 σύν
577 2718 677 2804 πολλῇ
704 2717 894 2802 πεποιθήσει
920 2718 1190 2804 διασημαίνοντες.
1240 2714 1295 2791 olle
1325 2713 1364 2801 δη
1387 2720 1442 2781 καί

342 2807 448 2892 λύγοις
476 2811 532 2879 καί
551 2813 679 2899 τρόποις
708 2817 890 2894 εύσυνίτοις
914 2820 1146 2905 κσαμιυτίρσιις
1179 2820 1235 2885 καί
1254 2817 1439 2884 εύνοῖευτί-

414 2987 456 3043 19.
475 2990 519 3062 ἐν]
541 2989 602 3049 tir?

341 3159 441 3213 tonius
459 3167 565 3227 protum
585 3169 777 3229 componerent
794 3161 949 3214 territutir:
969 3162 1067 3214 etenim
1087 3175 1145 3212 enm
1164 3160 1353 3230 ingrederetur
1367 3160 1439 3214 ilion

341 3231 433 3283 urbem
452 3247 511 3283 eum
531 3246 580 3284 nuo
600 3233 720 3285 exercitu
740 3240 767 3285 et
786 3234 863 3301 regin
881 3232 1013 3285 beneficio
1032 3241 1058 3284 et
1076 3234 1187 3300 imperio
1207 3230 1282 3284 eluro
1310 3233 1438 3301 δίιροαε-

343 3311 385 3355 ret
404 3310 432 3354 et
451 3303 596 3372 δεδίττεται,
615 3313 695 3373 ελσαε
715 3304 860 3356 honoribus
882 3302 1030 3356 illustribus
1050 3312 1158 3357 ornrret
1183 3303 1256 3355 nrbit
1284 3304 1387 3356 incolet
1414 3311 1440 3355 et

340 3375 501 3443 peregrinor
520 3378 718 3445 etquicunque
743 3391 777 3428 ex
799 3376 919 3427 exercitu
938 3383 965 3426 et
990 3373 1094 3444 reliqua
1118 3375 1182 3429 rede
1207 3375 1318 3428 rternnt
1341 3377 1370 3428 in
1392 3374 1439 3429 lii.

341 3459 423 3496 onere
441 3447 565 3511 circuitu,
584 3447 684 3500 Torone
703 3446 831 3499 servilem
854 3448 880 3498 in
900 3448 1004 3499 modum
1024 3456 1109 3499 cartre
1130 3454 1279 3516 potueruut
1289 3455 1317 3499 et
1334 3448 1368 3499 εδ
1385 3448 1438 3498 εἰσι

342 3517 440 3569 uelitum
465 3519 586 3587 imperati
604 3519 709 3586 pectori
728 3534 820 3569 monuo
838 3518 1020 3585 implicabunt,
1040 3527 1067 3570 et
1085 3520 1143 3571 eiun
1160 3527 1333 3585 eonrpectnm
1357 3518 1440 3570 nani-

341 3599 411 3639 nrum
430 3588 589 3644 bruellelnnr
609 3590 743 3658 ponebant
763 3598 789 3642 et
813 3606 843 3641 ee
862 3606 919 3640 eum
939 3606 972 3641 eo
991 3590 1113 3643 laborare
1133 3599 1160 3642 et
1177 3604 1260 3659 ogere
1276 3599 1354 3658 grute
1370 3588 1439 3643 velle

341 3661 538 3725 promittebant.
560 3662 730 3731 quomobrem
743 3663 822 3714 etium
834 3661 957 3713 nonnulli
968 3662 1073 3716 nubilet
1084 3662 1210 3725 Pernidis,
1229 3662 1326 3715 tuoe·
1345 3677 1438 3715 necun-

341 3729 401 3779 dum
421 3744 528 3785 earnem
548 3742 575 3785 et
592 3744 728 3799 naturum,
749 3742 776 3785 et
796 3732 967 3786 Gutlumunue
986 3747 1134 3801 cognomen
1154 3750 1187 3786 ex
1205 3738 1317 3801 ρελοίοο
1336 3736 1437 3786 nomine

339 3799 479 3866 docentor,
499 3812 526 3856 et
545 3804 642 3857 oultnni
662 3814 751 3875 portet
771 3814 798 3857 et
816 3812 975 3872 potestatem
989 3806 1155 3869 nllectunten,
1172 3814 1199 3857 et
1211 3806 1273 3857 duci
1288 3805 1438 3858 Hunnorum

340 3871 457 3938 opperiri
478 3882 505 3925 et
522 3883 577 3927 tnnn
589 3877 766 3930 llornnnorurir
784 3878 896 3944 imperio
916 3879 1160 3947 appropinquantes
1180 3885 1207 3928 et
1225 3880 1372 3945 potentium
1389 3875 1436 3927 rili

339 3942 490 4010 oppositum
509 3944 551 3995 illl
571 3949 765 4014 conciliantes,
785 3957 958 4001 accerserunt
976 3950 1008 4001 nd
1028 3964 1088 4000 eum
1107 3949 1238 4001 llioueue:
1267 3958 1346 4018 utque
1372 3946 1436 4016 quod

339 4013 409 4083 ερσδ
427 4012 530 4066 nullum
548 4031 640 4082 regem
658 4018 807 4085 Portarum,
827 4035 885 4072 eum
906 4028 995 4072 errent
1016 4038 1031 4073 e
1049 4035 1151 4089 genere
1169 4020 1257 4087 regio,
1277 4035 1366 4089 neque
1385 4018 1436 4071 uo.

338 4100 476 4138 munorum
495 4087 680 4141 sustinuerunt
698 4091 799 4154 lucere,
819 4091 945 4159 hocerssn
965 4107 1023 4143 eum
1043 4099 1151 4159 praeter
1166 4105 1240 4158 rpem
1260 4090 1437 4149 ostenderunt,

343 4174 403 4210 cun
423 4166 452 4211 et
470 4174 542 4229 genu
562 4156 703 4213 flecterent
722 4169 749 4213 et
765 4169 794 4214 nt
819 4164 936 4231 praeiret
961 4164 993 4217 ιδ
1016 4163 1117 4232 regium
1144 4164 1169 4215 ei
1200 4177 1259 4214 cunr
1286 4161 1369 4215 multu
1390 4158 1437 4211 lide

340 4229 538 4301 urrunnun
572 4246 641 4304 quor
666 4233 773 4304 quidem
792 4241 819 4289 et
835 4236 927 4292 rerblr
952 4243 979 4290 et
995 4235 1113 4307 moribus
1131 4234 1305 4306 prudentibus
1322 4232 1440 4289 nolen-
