3182 4986
398 392 469 473 148
623 387 625 391 ’
701 397 919 468 messuere
948 394 1210 469 murimonte

395 572 617 659 στρατόπεδον.
660 567 761 657 έφένη
794 572 830 637 δέ
863 569 919 636 καί
949 573 1043 638 τοῦτο
1061 578 1127 647 τοῖς
1154 568 1497 653 στρατοπεδευομένοις

396 675 454 739 ονίι
477 666 609 739 εὔθετον
627 658 754 755 θέαμαέ
1324 681 1328 687 ’

494 774 641 843 Διελθών
662 768 719 839 οὖν
743 776 866 861 ἡμέραν
895 779 929 854 έξ
958 775 1077 859 ἡμέρας
1102 774 1157 859 τὴν
1185 775 1391 856 προκειμένην
1411 767 1497 849 ὁδόν,

394 880 545 960 κατέλαβε
577 874 634 959 τήν
663 876 838 943 Θεοδοσίου
870 873 977 956 πόλιν,
996 875 1063 949 ,έπί
1080 878 1141 955 μέν
1160 873 1202 961 τῷ
1224 870 1284 955 πρέ
1310 872 1369 935 τοῦ
1391 870 1496 959 χρόνῳ

392 966 677 1065 παραμεληθεῖσαν
708 980 764 1041 καί
791 978 938 1061 αόίνητον
956 979 1131 1060 ’γενομένην
1157 972 1212 1039 διὰ
1232 972 1266 1038 τὸ
1290 975 1324 1038 έν
1344 974 1382 1058 τῇ
1404 978 1518 1036 πολι-5

322 1160 325 1165 ⁴
393 1083 462 1165 csr'p
482 1081 540 1143 τοῦ
555 1071 658 1161 ’Ἀρζη
678 1078 811 1162 πλησίον
832 1072 913 1167 οὔσῃ
933 1080 989 1141 καί
1016 1079 1049 1141 έν
1073 1079 1157 1164 καλῷ
1178 1079 1232 1157 τῆς
1265 1076 1385 1148 θέσεως
1411 1069 1495 1152 ὁριο-

325 1240 330 1249 .
392 1181 472 1268 μένῃ
494 1181 692 1260 μεταθέσθαι
726 1177 801 1254 τούς
830 1178 1021 1262 ἀνθρώπους
1043 1176 1099 1260 τὴν
1121 1174 1261 1259 οἴκησιν,
1280 1175 1336 1238 καί
1356 1171 1496 1255 μεγάλην

393 1281 619 1363 έγιιαιαστῆσαι
646 1280 826 1362 χωρόπολιν
858 1278 914 1344 ναί
933 1282 1089 1343 παντοίαν
1118 1277 1241 1359 ον’νίιον,
1263 1272 1323 1341 ὅσα
1347 1266 1495 1358 Περσικὴ

394 1405 429 1446 τε
449 1380 505 1445 καί
522 1377 632 1462 Ἰνδικοὶ
652 1379 707 1444 καί
724 1379 751 1463 ,ἦ
771 1379 863 1464 λοιπὴ
885 1380 977 1445 Ἀσία
999 1383 1110 1464 φέρει,
1134 1380 1254 1462 πλῆθος
1275 1374 1334 1439 eds
1354 1372 1495 1452 εδαριθ-

393 1505 492 1568 μεμον
512 1486 686 1567 φέρουσαν,
706 1479 767 1566 πρέ
793 1482 906 1564 &tepeo
922 1482 957 1545 δὲ
977 1480 1100 1562 χρόνων
1115 1478 1420 1560 ἀνοικοδομηθεϊσοιν
1441 1478 1498 1539 καί
1507 1485 1536 1539 to

395 1585 689 1665 κατοχυρωθεῖσαν,
709 1581 767 1666 τὴν
791 1583 965 1647 Θεοδοσίου
995 1578 1083 1644 πόλιν
1104 1579 1196 1662 λέγω,
1217 1577 1331 1665 τάφρῳ
1352 1574 1408 1640 καί
1428 1579 1497 1642 τεί-

392 1704 466 1763 χεσι
491 1680 545 1745 διδ
567 1677 624 1763 τήν
646 1685 708 1746 τῶν
737 1680 884 1766 Τούριιων
906 1683 941 1746 έν
962 1684 1019 1745 τοῦ
1039 1679 1227 1745 ἀνέλπιστον
1251 1679 1434 1760 γειτνίασιν,
1454 1678 1495 1741 δι’

392 1771 439 1845 ὧν
460 1782 493 1857 ἐξ
513 1781 687 1864 ἐπιδρομῆς
709 1776 728 1865 ἡ
750 1781 892 1845 πολιτεία
912 1785 969 1846 τοῦ
982 1773 1101 1865 Ἅρτζη
1124 1780 1314 1862 παμπληθεῖ
1330 1777 1387 1858 τήν
1406 1765 1503 1862 σφαζ

392 1878 453 1964 γῆν
475 1880 686 1965 προϋπέμεινε
708 1883 763 1944 καί
782 1880 838 1964 τὴν
860 1876 988 1946 ἅλωσιν.
1048 1885 1148 1947 ἐκεῖσε
1168 1883 1273 1946 τοίνυν
1292 1879 1457 1958 έπιμείνας
1479 1876 1496 1941 o‘

392 1977 545 2062 βασιλεδς
575 1978 630 2044 οὖν
660 1978 767 2065 ὀλίγας
800 1980 920 2065 ἡμέρας
953 1980 1219 2067 διενηρυνεέσατο
1247 1981 1327 2044 πᾶσι
1358 1978 1496 2061 διμήνου
1506 1992 1538 2044 15

392 2088 529 2168 τροφαῖς
549 2082 795 2169 έφοδιασθῆναι,
816 2081 858 2156 ὥς
880 2080 934 2145 διὰ
966 2081 1076 2166 χιέρας
1108 2079 1259 2165 αόικὴτου
1280 2078 1337 2144 καί
1354 2101 1496 2143 καταπε-

392 2186 572 2268 πατημένης
598 2190 661 2258 τοῖς
683 2181 789 2248 ἔθνεσι
821 2183 1070 2266 διαπορεύεσθαι
1096 2187 1263 2262 μέλλουσα
1313 2182 1437 2245 πάντων
1458 2181 1496 2246 δέ

324 2323 336 2337 -
391 2283 429 2346 τὸ
451 2285 636 2366 προοαχθέν
655 2285 696 2347 δι’
719 2284 900 2364 ἐπιμελείαις
920 2286 1161 2367 ποιησαμένων,
1183 2286 1412 2365 προαπέστειλε
1435 2283 1496 2362 μὲν

392 2381 409 2449 d
431 2384 583 2467 βασιλευς
600 2382 634 2448 έν
657 2388 715 2449 τοῦ
735 2386 971 2470 μισθοφοριιοῦ
990 2382 1118 2458 Σκύθας
1138 2386 1183 2458 είς
1204 2385 1263 2448 τοῦ
1283 2386 1391 2447 Χλίατ
1412 2403 1498 2464 προ-

391 2486 490 2570 νομήν
511 2508 544 2550 τε
565 2485 619 2548 καί
641 2483 875 2564 διασκέλευσιν,
897 2488 988 2548 τοῦτο
1017 2464 1073 2547 scs*
1095 2482 1249 2566 πρότερον
1271 2478 1540 2565 ποιησέμενος,οο

392 2588 596 2651 έπαπέστειλε
610 2587 646 2650 δέ
662 2584 718 2650 καί
724 2583 908 2667 Γερμανοὺς
927 2583 1003 2661 τούς
1026 2587 1211 2667 λεγομένους
1225 2584 1393 2667 Φρᾰγγους
1414 2583 1498 2665 μετιέ

392 2710 475 2762 τινος
495 2686 671 2770 ἡγουμένου
688 2686 818 2766 τούτων,
840 2681 957 2766 ἀνδρὸς
979 2686 1152 2760 εδσθενοῦς
1168 2683 1249 2751 κατέ
1263 2692 1380 2768 χεῖρα·
1398 2683 1498 2750 Ῥου-

268 2828 274 2839 ·
304 2788 315 2840 l
389 2789 493 2862 σέλιος
516 2783 614 2873 τούτῳ
636 2785 672 2851 co'
696 2778 806 2869 ὄνομα.
838 2790 954 2863 ἐκεῖνος
976 2789 1011 2851 δέ
1032 2783 1111 2867 μετὰ
1133 2786 1188 2869 τῆς
1209 2786 1320 2869 λοιπῆς
1341 2786 1498 2871 στρατιᾶς

393 3064 550 3134 οοιορολολο
572 3065 718 3120 comneno.
758 3076 785 3119 ct
804 3067 920 3121 Graecus
942 3068 1047 3137 quidem
1068 3068 1201 3119 exercitos
1228 3067 1314 3119 victus
1339 3066 1404 3119 erni.
1443 3082 1497 3136 sp.

391 3140 481 3208 putuit
500 3142 587 3189 sutem
607 3139 686 3190 etium
706 3138 749 3189 hio
768 3133 897 3191 militibus
915 3154 969 3192 non
987 3139 1058 3191 bene
1077 3139 1251 3205 compositum
1281 3138 1474 3205 spectaculum.

491 3226 670 3295 Progrediens
696 3228 778 3295 igitur
802 3228 871 3280 diem
899 3244 932 3279 ex
950 3228 993 3279 die
1020 3228 1158 3294 proposito
1178 3227 1222 3278 viu
1241 3227 1385 3292 occuparit
1403 3226 1496 3278 Theo.

392 3299 461 3350 dosii
479 3298 581 3363 urbem,
602 3314 670 3366 quoe
691 3298 873 3366 superioribus
898 3300 975 3351 unnis
993 3296 1119 3367 neglectu
1146 3308 1172 3349 et
1190 3298 1297 3349 deserto
1317 3297 1414 3362 fueret,
1434 3314 1495 3350 eum

392 3370 419 3419 in
440 3369 575 3421 civitatem
595 3370 683 3422 Areae
704 3385 786 3437 prope
806 3371 883 3421 situm
903 3378 929 3421 et
956 3369 1027 3421 bono
1047 3371 1099 3420 situ
1118 3378 1289 3436 apparentem
1310 3371 1494 3436 transposuis-

391 3448 453 3495 sent
470 3439 633 3493 domicilium
654 3447 681 3491 et
701 3456 824 3509 magnum
845 3442 1045 3493 constituissent
1071 3440 1195 3508 oppidum
1221 3448 1248 3490 et
1267 3440 1401 3491 veriorum
1421 3456 1495 3494 mer-

390 3514 476 3577 cium,
505 3519 637 3581 quotquot
665 3511 754 3564 Persis
788 3520 814 3563 et
837 3512 912 3564 lndiu
940 3520 967 3563 et
990 3511 1093 3580 relique
1124 3512 1188 3564 Asis
1219 3511 1342 3578 profert,
1370 3512 1495 3564 multitu-

392 3584 479 3635 dinem
505 3582 726 3635 innumerabilem
753 3584 857 3646 ie‘reus3
884 3600 952 3652 quse
977 3592 1064 3635 temen
1090 3592 1151 3634 unte
1177 3597 1277 3649 paucos
1304 3597 1391 3634 ennon
1411 3584 1492 3635 resti-

392 3663 448 3705 tute
473 3662 501 3705 et
524 3655 624 3706 flrmntu
651 3663 723 3719 erut,
748 3654 890 3707 Theodosii
918 3655 1009 3706 urbem
1033 3655 1108 3718 dico,
1135 3654 1207 3705 fosse
1231 3661 1258 3704 et
1281 3655 1365 3704 muris
1384 3662 1493 3721 propter

393 3723 534 3775 Tureurum
560 3727 768 3794 inexspectatum
793 3727 969 3789 vicinitatem,
995 3741 1105 3794 quorum
1130 3726 1283 3776 incursione
1312 3726 1410 3777 civitas
1427 3727 1492 3779 Art-

394 3808 443 3844 cne
468 3809 575 3860 prorsus
606 3798 712 3849 enodem
746 3795 916 3864 exspectabat
946 3804 973 3848 et
1004 3797 1214 3864 occupationem.
1264 3795 1300 3847 ibi
1326 3798 1410 3864 igitur
1428 3811 1494 3849 ver-

392 3870 465 3915 sutus
491 3880 538 3916 rex
562 3882 616 3919 non
644 3884 743 3935 puucos
769 3869 826 3921 dies
852 3867 934 3919 edixit
957 3875 986 3918 ut
1009 3882 1100 3919 omncs
1126 3866 1258 3918 elimentis
1284 3866 1397 3919 duorum
1415 3882 1494 3919 meu-

392 3934 460 3987 sium
479 3936 565 4001 sputio
591 3939 785 3991 instruerentur
806 3947 834 3989 ut
854 3954 902 4005 per
928 3946 1024 3989 terrum
1045 3939 1175 3990 desertum
1201 3946 1228 3989 ct
1252 3952 1268 3987 u
1292 3939 1406 4006 paganis
1433 3936 1513 3989 esi-⁸¹

393 4012 477 4057 cetum
496 4005 654 4071 profecturi.
693 4019 830 4078 postquem
850 4024 942 4062 omues
960 4011 1115 4077 imperatum
1138 4009 1285 4076 diligenter
1305 4010 1499 4076 perfecissent,

392 4076 482 4128 emisit
501 4090 549 4126 rex
568 4092 600 4127 ex
625 4082 797 4130 mercenariis
816 4080 928 4146 Scythes
956 4080 988 4131 ud
1007 4079 1098 4133 cotias
1116 4079 1294 4146 prsedsnduur
1315 4089 1342 4131 et
1359 4081 1500 4147 diripien-

390 4150 465 4214 dum,
484 4161 543 4199 cum
562 4145 614 4198 hoc
635 4150 715 4198 etism
735 4159 812 4202 entes
832 4152 955 4203 iecisset:
981 4151 1053 4202 misit
1070 4159 1210 4217 prsctcreu
1236 4151 1316 4202 etium
1336 4153 1501 4215 Germunos,

391 4220 509 4274 Frsncos
527 4218 623 4285 dictos,
643 4234 702 4270 cum
722 4221 833 4288 quodum
852 4221 902 4273 hos
923 4222 1037 4273 ducente
1056 4223 1116 4273 viro
1134 4237 1212 4274 muno
1232 4231 1356 4289 prompto
1376 4220 1502 4291 (limet.

390 4290 443 4351 iius
461 4292 524 4350 huic
543 4298 601 4347 urst
618 4295 741 4367 nemen).
778 4291 827 4345 ilie
852 4301 940 4345 eutem
959 4308 1016 4345 cum
1034 4291 1141 4365 reliquo
1168 4294 1289 4351 exercitu
1307 4302 1420 4350 secutus
1438 4307 1503 4347 uon

1336 4452 1353 4505 ,
1455 4456 1463 4471 ,
