<?xml version="1.0" encoding="UTF-8"?>
<!DOCTYPE html PUBLIC "-//W3C//DTD XHTML 1.0 Transitional//EN"
    "http://www.w3.org/TR/xhtml1/DTD/xhtml1-transitional.dtd">
<html xmlns="http://www.w3.org/1999/xhtml" xml:lang="en" lang="en">
 <head>
  <title>
</title>
<meta http-equiv="Content-Type" content="text/html;charset=utf-8" />
  <meta name='ocr-system' content='tesseract 3.04.00' />
  <meta name='ocr-capabilities' content='ocr_page ocr_carea ocr_par ocr_line ocrx_word'/>
</head>
<body>
  <div class='ocr_page' id='page_1' title='image "./corpusscriptoru00berlgoog/corpusscriptoru00berlgoog_0298.png"; bbox 0 0 3168 4988; ppageno 0'>
   <div class='ocr_carea' id='block_1_1' title="bbox 534 286 1211 417">
    <p class='ocr_par' dir='ltr' id='par_1_1' title="bbox 534 286 1211 417">
     <span class='ocr_line' id='line_1_1' title="bbox 534 286 1211 417; baseline 0.01 -7"><span class='ocrx_word' id='word_1_1' title='bbox 534 286 769 411; x_wconf 54' lang='grc' dir='ltr'><strong><em>ἐιετοιιιε</em></strong></span> <span class='ocrx_word' id='word_1_2' title='bbox 1002 405 1005 415; x_wconf 89' lang='grc'><strong><em>.</em></strong></span> <span class='ocrx_word' id='word_1_3' title='bbox 1137 343 1211 417; x_wconf 80' lang='lat' dir='ltr'><strong><em>nen</em></strong></span> 
     </span>
    </p>
   </div>
   <div class='ocr_carea' id='block_1_2' title="bbox 13 494 1323 2503">
    <p class='ocr_par' dir='ltr' id='par_1_2' title="bbox 13 494 1215 1091">
     <span class='ocr_line' id='line_1_2' title="bbox 107 494 1212 597; baseline 0.006 -29"><span class='ocrx_word' id='word_1_4' title='bbox 107 501 154 580; x_wconf 81' lang='grc' dir='ltr'><strong><em>ελς</em></strong></span> <span class='ocrx_word' id='word_1_5' title='bbox 175 501 234 587; x_wconf 74' lang='grc' dir='ltr'><strong><em>τὴν</em></strong></span> <span class='ocrx_word' id='word_1_6' title='bbox 254 498 507 584; x_wconf 89' lang='grc' dir='ltr'><strong><em>βασιλεύουσαν,</em></strong></span> <span class='ocrx_word' id='word_1_7' title='bbox 535 494 624 597; x_wconf 72' lang='grc' dir='ltr'><strong><em>α’ξιον</em></strong></span> <span class='ocrx_word' id='word_1_8' title='bbox 653 505 705 586; x_wconf 79' lang='grc' dir='ltr'><strong><em>τῆς</em></strong></span> <span class='ocrx_word' id='word_1_9' title='bbox 735 505 886 590; x_wconf 73' lang='grc' dir='ltr'><strong><em>τοιαύτης</em></strong></span> <span class='ocrx_word' id='word_1_10' title='bbox 912 506 1079 589; x_wconf 83' lang='grc' dir='ltr'><strong><em>ἧγεμονιάς</em></strong></span> <span class='ocrx_word' id='word_1_11' title='bbox 1100 506 1212 594; x_wconf 79' lang='grc' dir='ltr'><strong><em>ἔκρινε,</em></strong></span> 
     </span>
     <span class='ocr_line' id='line_1_3' title="bbox 13 601 1213 687; baseline 0.004 -20"><span class='ocrx_word' id='word_1_12' title='bbox 13 624 16 631; x_wconf 81' lang='grc'><strong><em>’</em></strong></span> <span class='ocrx_word' id='word_1_13' title='bbox 107 604 163 668; x_wconf 81' lang='grc' dir='ltr'><strong><em>καί</em></strong></span> <span class='ocrx_word' id='word_1_14' title='bbox 183 601 369 684; x_wconf 79' lang='grc' dir='ltr'><strong><em>δσμόστικον</em></strong></span> <span class='ocrx_word' id='word_1_15' title='bbox 388 604 499 668; x_wconf 85' lang='grc' dir='ltr'><strong><em>τούτου</em></strong></span> <span class='ocrx_word' id='word_1_16' title='bbox 521 602 804 687; x_wconf 74' lang='grc' dir='ltr'><strong><em>προχειρισάμενος</em></strong></span> <span class='ocrx_word' id='word_1_17' title='bbox 836 604 915 685; x_wconf 84' lang='grc' dir='ltr'><strong><em>μιτύ</em></strong></span> <span class='ocrx_word' id='word_1_18' title='bbox 940 610 1002 671; x_wconf 83' lang='grc' dir='ltr'><strong><em>τεόν</em></strong></span> <span class='ocrx_word' id='word_1_19' title='bbox 1024 608 1129 672; x_wconf 81' lang='grc' dir='ltr'><strong><em>αύτού</em></strong></span> <span class='ocrx_word' id='word_1_20' title='bbox 1152 613 1213 674; x_wconf 85' lang='grc' dir='ltr'><strong><em>δυ-</em></strong></span> 
     </span>
     <span class='ocr_line' id='line_1_4' title="bbox 107 698 1215 791; baseline 0.005 -24"><span class='ocrx_word' id='word_1_21' title='bbox 107 698 233 783; x_wconf 81' lang='grc' dir='ltr'><strong><em>νύμεαν</em></strong></span> <span class='ocrx_word' id='word_1_22' title='bbox 254 704 495 783; x_wconf 68' lang='grc' dir='ltr'><strong><em>ἐξαπέστειλεν,</em></strong></span> <span class='ocrx_word' id='word_1_23' title='bbox 514 708 585 768; x_wconf 81' lang='grc' dir='ltr'><strong><em>νέον</em></strong></span> <span class='ocrx_word' id='word_1_24' title='bbox 607 708 667 784; x_wconf 77' lang='grc' dir='ltr'><strong><em>μὲν</em></strong></span> <span class='ocrx_word' id='word_1_25' title='bbox 690 701 749 787; x_wconf 73' lang='grc' dir='ltr'><strong><em>τὴν</em></strong></span> <span class='ocrx_word' id='word_1_26' title='bbox 770 703 903 789; x_wconf 72' lang='grc' dir='ltr'><strong><em>ἦλικιάν,</em></strong></span> <span class='ocrx_word' id='word_1_27' title='bbox 925 704 1078 791; x_wconf 69' lang='grc' dir='ltr'><strong><em>φρονήσει</em></strong></span> <span class='ocrx_word' id='word_1_28' title='bbox 1101 712 1136 772; x_wconf 77' lang='grc' dir='ltr'><strong><em>δὲ</em></strong></span> <span class='ocrx_word' id='word_1_29' title='bbox 1160 709 1215 773; x_wconf 79' lang='grc' dir='ltr'><em>καί</em></span> 
     </span>
     <span class='ocr_line' id='line_1_5' title="bbox 35 800 1212 889; baseline 0.007 -24"><span class='ocrx_word' id='word_1_30' title='bbox 35 876 41 885; x_wconf 88' lang='lat'><strong>.</strong></span> <span class='ocrx_word' id='word_1_31' title='bbox 109 806 254 878; x_wconf 75' lang='grc' dir='ltr'><strong><em>διανοίας</em></strong></span> <span class='ocrx_word' id='word_1_32' title='bbox 275 802 494 887; x_wconf 71' lang='grc' dir='ltr'><strong><em>σταθιγρότητι</em></strong></span> <span class='ocrx_word' id='word_1_33' title='bbox 515 800 661 889; x_wconf 87' lang='grc' dir='ltr'><strong><em>γεραρόν,</em></strong></span> <span class='ocrx_word' id='word_1_34' title='bbox 684 802 737 868; x_wconf 79' lang='grc' dir='ltr'><strong><em>καὶ</em></strong></span> <span class='ocrx_word' id='word_1_35' title='bbox 752 804 830 888; x_wconf 85' lang='grc' dir='ltr'><strong><em>πρός</em></strong></span> <span class='ocrx_word' id='word_1_36' title='bbox 849 806 956 888; x_wconf 79' lang='grc' dir='ltr'><strong><em>μάχας</em></strong></span> <span class='ocrx_word' id='word_1_37' title='bbox 977 809 1032 870; x_wconf 75' lang='grc' dir='ltr'><strong><em>καὶ</em></strong></span> <span class='ocrx_word' id='word_1_38' title='bbox 1055 812 1212 888; x_wconf 79' lang='grc' dir='ltr'><strong><em>πολέμους</em></strong></span> 
     </span>
     <span class='ocr_line' id='line_1_6' title="bbox 84 902 1212 992; baseline 0.002 -22"><span class='ocrx_word' id='word_1_39' title='bbox 84 902 245 987; x_wconf 65' lang='lat' dir='ltr'>{vitipater</span> <span class='ocrx_word' id='word_1_40' title='bbox 266 907 321 969; x_wconf 82' lang='grc' dir='ltr'><strong><em>καί</em></strong></span> <span class='ocrx_word' id='word_1_41' title='bbox 341 902 605 990; x_wconf 75' lang='grc' dir='ltr'><strong><em>όπερικτύπιγταν,</em></strong></span> <span class='ocrx_word' id='word_1_42' title='bbox 625 908 681 968; x_wconf 81' lang='grc' dir='ltr'>καί</span> <span class='ocrx_word' id='word_1_43' title='bbox 703 906 741 992; x_wconf 76' lang='grc' dir='ltr'><strong><em>τῇ</em></strong></span> <span class='ocrx_word' id='word_1_44' title='bbox 762 904 842 990; x_wconf 86' lang='grc' dir='ltr'><strong><em>πρός</em></strong></span> <span class='ocrx_word' id='word_1_45' title='bbox 856 903 911 970; x_wconf 86' lang='grc' dir='ltr'><strong><em>τόν</em></strong></span> <span class='ocrx_word' id='word_1_46' title='bbox 930 908 1138 989; x_wconf 76' lang='grc' dir='ltr'><strong><em>βασιλεύοντα</em></strong></span> <span class='ocrx_word' id='word_1_47' title='bbox 1160 912 1212 972; x_wconf 80' lang='grc' dir='ltr'><strong><em>πί-</em></strong></span> 
     </span>
     <span class='ocr_line' id='line_1_7' title="bbox 109 1001 1211 1091; baseline 0.005 -22"><span class='ocrx_word' id='word_1_48' title='bbox 109 1027 176 1069; x_wconf 91' lang='grc' dir='ltr'><strong><em>στει</em></strong></span> <span class='ocrx_word' id='word_1_49' title='bbox 199 1001 448 1090; x_wconf 74' lang='grc' dir='ltr'><strong><em>θανατηφόρους</em></strong></span> <span class='ocrx_word' id='word_1_50' title='bbox 467 1003 585 1090; x_wconf 76' lang='grc' dir='ltr'><strong><em>πληγύς</em></strong></span> <span class='ocrx_word' id='word_1_51' title='bbox 617 1002 662 1088; x_wconf 75' lang='grc' dir='ltr'><em>μή</em></span> <span class='ocrx_word' id='word_1_52' title='bbox 687 1008 852 1071; x_wconf 76' lang='grc' dir='ltr'><strong><em>δειλιοῖντα</em></strong></span> <span class='ocrx_word' id='word_1_53' title='bbox 875 1007 937 1091; x_wconf 83' lang='grc' dir='ltr'><strong><em>Ικαί</em></strong></span> <span class='ocrx_word' id='word_1_54' title='bbox 956 1006 1211 1089; x_wconf 88' lang='grc' dir='ltr'><strong><em>ταπεινούμενον.</em></strong></span> 
     </span>
    </p>

    <p class='ocr_par' dir='ltr' id='par_1_3' title="bbox 56 1099 1323 2503">
     <span class='ocr_line' id='line_1_8' title="bbox 109 1099 1323 1192; baseline 0.007 -25"><span class='ocrx_word' id='word_1_55' title='bbox 109 1099 145 1180; x_wconf 73' lang='grc' dir='ltr'><strong><em>ιός</em></strong></span> <span class='ocrx_word' id='word_1_56' title='bbox 168 1101 227 1178; x_wconf 87' lang='grc' dir='ltr'><strong><em>τύς</em></strong></span> <span class='ocrx_word' id='word_1_57' title='bbox 250 1105 403 1186; x_wconf 80' lang='grc' dir='ltr'><strong><em>δυνάμεις</em></strong></span> <span class='ocrx_word' id='word_1_58' title='bbox 425 1103 603 1190; x_wconf 79' lang='grc' dir='ltr'><strong><em>α’νειληφιός</em></strong></span> <span class='ocrx_word' id='word_1_59' title='bbox 625 1104 704 1171; x_wconf 74' lang='grc' dir='ltr'><strong><em>κατὰ</em></strong></span> <span class='ocrx_word' id='word_1_60' title='bbox 726 1109 785 1170; x_wconf 82' lang='grc' dir='ltr'><strong><em>τού</em></strong></span> <span class='ocrx_word' id='word_1_61' title='bbox 801 1111 978 1192; x_wconf 76' lang='grc' dir='ltr'><strong><em>Βρυευιίου</em></strong></span> <span class='ocrx_word' id='word_1_62' title='bbox 998 1107 1080 1190; x_wconf 81' lang='grc' dir='ltr'><strong><em>μετὰ</em></strong></span> <span class='ocrx_word' id='word_1_63' title='bbox 1105 1134 1213 1192; x_wconf 87' lang='grc' dir='ltr'><strong><em>παρα-</em></strong></span> <span class='ocrx_word' id='word_1_64' title='bbox 1317 1128 1323 1139; x_wconf 81' lang='grc'><em>“</em></span> 
     </span>
     <span class='ocr_line' id='line_1_9' title="bbox 108 1205 1213 1296; baseline 0.005 -27"><span class='ocrx_word' id='word_1_65' title='bbox 108 1206 227 1286; x_wconf 79' lang='grc' dir='ltr'><strong><em>σκευῆς</em></strong></span> <span class='ocrx_word' id='word_1_66' title='bbox 255 1206 312 1268; x_wconf 84' lang='grc' dir='ltr'><strong><em>καί</em></strong></span> <span class='ocrx_word' id='word_1_67' title='bbox 338 1207 456 1289; x_wconf 75' lang='grc' dir='ltr'><strong><em>βουλῆς</em></strong></span> <span class='ocrx_word' id='word_1_68' title='bbox 484 1209 539 1288; x_wconf 81' lang='grc' dir='ltr'><strong><em>τῆς</em></strong></span> <span class='ocrx_word' id='word_1_69' title='bbox 560 1206 729 1291; x_wconf 71' lang='grc' dir='ltr'><strong><em>δεδομένης</em></strong></span> <span class='ocrx_word' id='word_1_70' title='bbox 758 1206 846 1296; x_wconf 78' lang='grc' dir='ltr'><strong><em>αύτῷ</em></strong></span> <span class='ocrx_word' id='word_1_71' title='bbox 868 1205 953 1292; x_wconf 85' lang='grc' dir='ltr'><strong><em>παρό</em></strong></span> <span class='ocrx_word' id='word_1_72' title='bbox 979 1211 1036 1273; x_wconf 85' lang='grc' dir='ltr'><strong><em>τού</em></strong></span> <span class='ocrx_word' id='word_1_73' title='bbox 1056 1214 1213 1290; x_wconf 73' lang='grc' dir='ltr'><strong><em>βασιλέως</em></strong></span> 
     </span>
     <span class='ocr_line' id='line_1_10' title="bbox 108 1302 1213 1392; baseline 0.006 -22"><span class='ocrx_word' id='word_1_74' title='bbox 108 1304 251 1386; x_wconf 68' lang='grc' dir='ltr'><strong><em>ε’βύδιζε.</em></strong></span> <span class='ocrx_word' id='word_1_75' title='bbox 295 1306 350 1370; x_wconf 77' lang='grc' dir='ltr'><strong><em>κατ’</em></strong></span> <span class='ocrx_word' id='word_1_76' title='bbox 369 1304 449 1390; x_wconf 86' lang='grc' dir='ltr'><strong><em>πρός</em></strong></span> <span class='ocrx_word' id='word_1_77' title='bbox 470 1302 566 1372; x_wconf 85' lang='grc' dir='ltr'><strong><em>τόπον</em></strong></span> <span class='ocrx_word' id='word_1_78' title='bbox 587 1311 618 1372; x_wconf 88' lang='grc' dir='ltr'><strong><em>Γ</em></strong></span> <span class='ocrx_word' id='word_1_79' title='bbox 616 1304 783 1392; x_wconf 81' lang='grc' dir='ltr'><strong><em>αλαβρύην</em></strong></span> <span class='ocrx_word' id='word_1_80' title='bbox 806 1306 1073 1390; x_wconf 77' lang='grc' dir='ltr'><strong><em>ἐπονομαζόμενον</em></strong></span> <span class='ocrx_word' id='word_1_81' title='bbox 1095 1314 1213 1377; x_wconf 86' lang='grc' dir='ltr'><strong><em>διανα-</em></strong></span> 
     </span>
     <span class='ocr_line' id='line_1_11' title="bbox 64 1402 1214 1492; baseline 0.008 -25"><span class='ocrx_word' id='word_1_82' title='bbox 64 1406 226 1477; x_wconf 73' lang='grc' dir='ltr'><strong><em>Ῑοπαύιυν</em></strong></span> <span class='ocrx_word' id='word_1_83' title='bbox 244 1403 300 1471; x_wconf 88' lang='grc' dir='ltr'><strong><em>τόν</em></strong></span> <span class='ocrx_word' id='word_1_84' title='bbox 322 1402 475 1492; x_wconf 81' lang='grc' dir='ltr'><strong><em>στρατόν,</em></strong></span> <span class='ocrx_word' id='word_1_85' title='bbox 497 1403 600 1488; x_wconf 77' lang='grc' dir='ltr'><strong><em>ἔμαθε</em></strong></span> <span class='ocrx_word' id='word_1_86' title='bbox 623 1407 709 1492; x_wconf 82' lang='grc' dir='ltr'><strong><em>παρύ</em></strong></span> <span class='ocrx_word' id='word_1_87' title='bbox 732 1411 796 1474; x_wconf 76' lang='grc' dir='ltr'><strong><em>τῶν</em></strong></span> <span class='ocrx_word' id='word_1_88' title='bbox 824 1411 949 1474; x_wconf 76' lang='grc' dir='ltr'><strong><em>σκοπῶν</em></strong></span> <span class='ocrx_word' id='word_1_89' title='bbox 973 1409 1017 1485; x_wconf 79' lang='grc' dir='ltr'><strong><em>ὥς</em></strong></span> <span class='ocrx_word' id='word_1_90' title='bbox 1047 1409 1214 1492; x_wconf 77' lang='grc' dir='ltr'><strong><em>όΒρυέν-</em></strong></span> 
     </span>
     <span class='ocr_line' id='line_1_12' title="bbox 108 1507 1214 1596; baseline 0.004 -24"><span class='ocrx_word' id='word_1_91' title='bbox 108 1529 178 1583; x_wconf 85' lang='grc' dir='ltr'><strong><em>νιος</em></strong></span> <span class='ocrx_word' id='word_1_92' title='bbox 198 1508 314 1590; x_wconf 67' lang='grc' dir='ltr'><strong><em>ἐγγίζει</em></strong></span> <span class='ocrx_word' id='word_1_93' title='bbox 334 1510 541 1595; x_wconf 77' lang='grc' dir='ltr'><strong><em>πανστρατιᾷ,</em></strong></span> <span class='ocrx_word' id='word_1_94' title='bbox 561 1512 616 1592; x_wconf 82' lang='grc' dir='ltr'><strong><em>τῆς</em></strong></span> <span class='ocrx_word' id='word_1_95' title='bbox 628 1507 782 1594; x_wconf 72' lang='grc' dir='ltr'><strong><em>Μεσήνης</em></strong></span> <span class='ocrx_word' id='word_1_96' title='bbox 799 1512 994 1586; x_wconf 83' lang='grc' dir='ltr'><strong><em>α’παναοτοὶς.</em></strong></span> <span class='ocrx_word' id='word_1_97' title='bbox 1018 1509 1034 1574; x_wconf 88' lang='grc' dir='ltr'><strong><em>ό</em></strong></span> <span class='ocrx_word' id='word_1_98' title='bbox 1057 1515 1093 1576; x_wconf 82' lang='grc' dir='ltr'><strong><em>δὲ</em></strong></span> <span class='ocrx_word' id='word_1_99' title='bbox 1109 1512 1214 1596; x_wconf 84' lang='grc' dir='ltr'><strong><em>Ταύρ-</em></strong></span> 
     </span>
     <span class='ocr_line' id='line_1_13' title="bbox 107 1604 1214 1696; baseline 0.009 -27"><span class='ocrx_word' id='word_1_100' title='bbox 107 1631 186 1684; x_wconf 84' lang='grc' dir='ltr'><strong><em>κσυς</em></strong></span> <span class='ocrx_word' id='word_1_101' title='bbox 209 1605 434 1686; x_wconf 79' lang='grc' dir='ltr'><strong><em>δξαποστειλας</em></strong></span> <span class='ocrx_word' id='word_1_102' title='bbox 452 1604 564 1684; x_wconf 88' lang='grc' dir='ltr'><strong><em>νυκτός</em></strong></span> <span class='ocrx_word' id='word_1_103' title='bbox 584 1610 780 1694; x_wconf 71' lang='grc' dir='ltr'><strong><em>ἐπιφανῆναι</em></strong></span> <span class='ocrx_word' id='word_1_104' title='bbox 795 1608 875 1692; x_wconf 88' lang='grc' dir='ltr'><strong><em>πρός</em></strong></span> <span class='ocrx_word' id='word_1_105' title='bbox 898 1611 1019 1696; x_wconf 75' lang='grc' dir='ltr'><strong><em>ἡμέραν</em></strong></span> <span class='ocrx_word' id='word_1_106' title='bbox 1034 1620 1098 1688; x_wconf 77' lang='grc' dir='ltr'><strong><em>τοῖς</em></strong></span> <span class='ocrx_word' id='word_1_107' title='bbox 1118 1617 1214 1678; x_wconf 79' lang='grc' dir='ltr'><strong><em>ἐναν-</em></strong></span> 
     </span>
     <span class='ocr_line' id='line_1_14' title="bbox 109 1707 1214 1799; baseline 0.007 -27"><span class='ocrx_word' id='word_1_108' title='bbox 109 1712 191 1784; x_wconf 89' lang='grc' dir='ltr'><strong><em>τιόις</em></strong></span> <span class='ocrx_word' id='word_1_109' title='bbox 206 1708 360 1788; x_wconf 71' lang='grc' dir='ltr'><strong><em>ἐκέλευσε,</em></strong></span> <span class='ocrx_word' id='word_1_110' title='bbox 378 1708 542 1794; x_wconf 82' lang='grc' dir='ltr'><strong><em>καόφόβον</em></strong></span> <span class='ocrx_word' id='word_1_111' title='bbox 561 1709 711 1796; x_wconf 66' lang='grc' dir='ltr'><strong><em>ἐνσεῖσαι]</em></strong></span> <span class='ocrx_word' id='word_1_112' title='bbox 718 1707 841 1786; x_wconf 88' lang='grc' dir='ltr'><strong><em>τούτοις</em></strong></span> <span class='ocrx_word' id='word_1_113' title='bbox 861 1712 1089 1799; x_wconf 64' lang='grc' dir='ltr'><strong><em>καιῖταρογμύν</em></strong></span> <span class='ocrx_word' id='word_1_114' title='bbox 1110 1717 1145 1779; x_wconf 80' lang='grc' dir='ltr'><strong><em>ἐκ</em></strong></span> <span class='ocrx_word' id='word_1_115' title='bbox 1158 1719 1214 1798; x_wconf 82' lang='grc' dir='ltr'><strong><em>τῆς</em></strong></span> 
     </span>
     <span class='ocr_line' id='line_1_15' title="bbox 56 1806 1215 1905; baseline 0.005 -32"><span class='ocrx_word' id='word_1_116' title='bbox 56 1896 60 1905; x_wconf 31' lang='lat'><strong>¹</strong></span> <span class='ocrx_word' id='word_1_117' title='bbox 107 1812 244 1884; x_wconf 80' lang='grc' dir='ltr'><strong><em>σκοπιᾶς</em></strong></span> <span class='ocrx_word' id='word_1_118' title='bbox 265 1806 486 1893; x_wconf 82' lang='grc' dir='ltr'><strong><em>φαντόζοντας</em></strong></span> <span class='ocrx_word' id='word_1_119' title='bbox 508 1810 659 1894; x_wconf 83' lang='grc' dir='ltr'><strong><em>πόλεμον,</em></strong></span> <span class='ocrx_word' id='word_1_120' title='bbox 687 1816 743 1876; x_wconf 82' lang='grc' dir='ltr'>καί</span> <span class='ocrx_word' id='word_1_121' title='bbox 764 1807 848 1876; x_wconf 85' lang='grc' dir='ltr'><strong><em>ούτοο</em></strong></span> <span class='ocrx_word' id='word_1_122' title='bbox 870 1823 1054 1879; x_wconf 84' lang='grc' dir='ltr'><strong><em>κατασιῖσαι</em></strong></span> <span class='ocrx_word' id='word_1_123' title='bbox 1073 1816 1148 1895; x_wconf 72' lang='grc' dir='ltr'><strong><em>μὲν’</em></strong></span> <span class='ocrx_word' id='word_1_124' title='bbox 1156 1811 1215 1895; x_wconf 83' lang='grc' dir='ltr'><strong><em>τός</em></strong></span> 
     </span>
     <span class='ocr_line' id='line_1_16' title="bbox 64 1901 1214 2000; baseline 0.002 -27"><span class='ocrx_word' id='word_1_125' title='bbox 64 1934 98 1988; x_wconf 81' lang='lat'><strong><em>15</em></strong></span> <span class='ocrx_word' id='word_1_126' title='bbox 108 1910 176 1974; x_wconf 71' lang='grc' dir='ltr'><strong><em>τοῖν</em></strong></span> <span class='ocrx_word' id='word_1_127' title='bbox 206 1901 382 1989; x_wconf 73' lang='grc' dir='ltr'><strong><em>ύντιθέταν</em></strong></span> <span class='ocrx_word' id='word_1_128' title='bbox 404 1906 538 1992; x_wconf 75' lang='grc' dir='ltr'><strong><em>ψυχάς,</em></strong></span> <span class='ocrx_word' id='word_1_129' title='bbox 560 1910 706 1993; x_wconf 73' lang='grc' dir='ltr'><strong><em>ταραχήν</em></strong></span> <span class='ocrx_word' id='word_1_130' title='bbox 727 1913 763 1975; x_wconf 77' lang='grc' dir='ltr'><strong><em>δὲ</em></strong></span> <span class='ocrx_word' id='word_1_131' title='bbox 784 1912 826 1997; x_wconf 75' lang='grc' dir='ltr'><strong><em>τῷ</em></strong></span> <span class='ocrx_word' id='word_1_132' title='bbox 848 1912 1052 2000; x_wconf 79' lang='grc' dir='ltr'><strong><em>στρατοπέδῳ</em></strong></span> <span class='ocrx_word' id='word_1_133' title='bbox 1076 1915 1214 1996; x_wconf 77' lang='grc' dir='ltr'><strong><em>ἐμποιῆ-</em></strong></span> 
     </span>
     <span class='ocr_line' id='line_1_17' title="bbox 109 2004 1214 2096; baseline 0 -22"><span class='ocrx_word' id='word_1_134' title='bbox 109 2034 168 2075; x_wconf 91' lang='grc' dir='ltr'><strong><em>σαι</em></strong></span> <span class='ocrx_word' id='word_1_135' title='bbox 189 2004 303 2074; x_wconf 82' lang='grc' dir='ltr'><strong><em>τούτου</em></strong></span> <span class='ocrx_word' id='word_1_136' title='bbox 328 2008 518 2087; x_wconf 70' lang='grc' dir='ltr'><strong><em>ἀνυπόπτως</em></strong></span> <span class='ocrx_word' id='word_1_137' title='bbox 537 2007 585 2075; x_wconf 80' lang='grc' dir='ltr'><strong><em>ἔτι</em></strong></span> <span class='ocrx_word' id='word_1_138' title='bbox 607 2012 787 2092; x_wconf 77' lang='grc' dir='ltr'><strong><em>βαδίζοντι,</em></strong></span> <span class='ocrx_word' id='word_1_139' title='bbox 810 2017 865 2076; x_wconf 78' lang='grc' dir='ltr'><strong><em>καί</em></strong></span> <span class='ocrx_word' id='word_1_140' title='bbox 887 2006 991 2087; x_wconf 81' lang='grc' dir='ltr'><strong><em>ούτως</em></strong></span> <span class='ocrx_word' id='word_1_141' title='bbox 1014 2013 1214 2096; x_wconf 76' lang='grc' dir='ltr'><strong><em>ὑποστρέψαι</em></strong></span> 
     </span>
     <span class='ocr_line' id='line_1_18' title="bbox 107 2107 1215 2196; baseline 0.003 -24"><span class='ocrx_word' id='word_1_142' title='bbox 107 2107 168 2174; x_wconf 74' lang='grc' dir='ltr'><strong><em>καὶ</em></strong></span> <span class='ocrx_word' id='word_1_143' title='bbox 185 2107 231 2192; x_wconf 72' lang='grc' dir='ltr'><strong><em>μὴ</em></strong></span> <span class='ocrx_word' id='word_1_144' title='bbox 252 2108 331 2194; x_wconf 90' lang='grc' dir='ltr'><strong><em>πρός</em></strong></span> <span class='ocrx_word' id='word_1_145' title='bbox 348 2118 462 2195; x_wconf 75' lang='grc' dir='ltr'><strong><em>χεδρας</em></strong></span> <span class='ocrx_word' id='word_1_146' title='bbox 484 2108 605 2186; x_wconf 88' lang='grc' dir='ltr'><strong><em>τούτοις</em></strong></span> <span class='ocrx_word' id='word_1_147' title='bbox 625 2114 730 2176; x_wconf 75' lang='grc' dir='ltr'><strong><em>ἐλθεῖν</em></strong></span> <span class='ocrx_word' id='word_1_148' title='bbox 738 2162 748 2193; x_wconf 87' lang='grc'><strong><em>,</em></strong></span> <span class='ocrx_word' id='word_1_149' title='bbox 768 2109 803 2176; x_wconf 82' lang='grc' dir='ltr'><strong><em>εἴ</em></strong></span> <span class='ocrx_word' id='word_1_150' title='bbox 820 2138 909 2189; x_wconf 89' lang='grc' dir='ltr'><strong><em>τινας</em></strong></span> <span class='ocrx_word' id='word_1_151' title='bbox 928 2116 963 2178; x_wconf 80' lang='grc' dir='ltr'><strong><em>δὲ</em></strong></span> <span class='ocrx_word' id='word_1_152' title='bbox 985 2109 1109 2196; x_wconf 89' lang='grc' dir='ltr'><strong><em>εύροιεν</em></strong></span> <span class='ocrx_word' id='word_1_153' title='bbox 1132 2114 1215 2176; x_wconf 88' lang='grc' dir='ltr'><strong><em>α’πο-</em></strong></span> 
     </span>
     <span class='ocr_line' id='line_1_19' title="bbox 108 2207 1217 2297; baseline 0.001 -22"><span class='ocrx_word' id='word_1_154' title='bbox 108 2207 259 2291; x_wconf 85' lang='grc' dir='ltr'><strong><em>σπύδεις,</em></strong></span> <span class='ocrx_word' id='word_1_155' title='bbox 289 2212 414 2287; x_wconf 86' lang='grc' dir='ltr'><strong><em>τούτοις</em></strong></span> <span class='ocrx_word' id='word_1_156' title='bbox 426 2212 490 2290; x_wconf 68' lang='grc' dir='ltr'><strong><em>,ὥς</em></strong></span> <span class='ocrx_word' id='word_1_157' title='bbox 511 2208 527 2274; x_wconf 88' lang='grc' dir='ltr'><strong><em>ό</em></strong></span> <span class='ocrx_word' id='word_1_158' title='bbox 551 2210 661 2297; x_wconf 86' lang='grc' dir='ltr'><strong><em>καιρός</em></strong></span> <span class='ocrx_word' id='word_1_159' title='bbox 696 2213 785 2277; x_wconf 78' lang='grc' dir='ltr'><strong><em>διδοῖ</em></strong></span> <span class='ocrx_word' id='word_1_160' title='bbox 798 2209 997 2297; x_wconf 72' lang='grc' dir='ltr'><strong><em>χρήσασθαι.</em></strong></span> <span class='ocrx_word' id='word_1_161' title='bbox 1041 2214 1157 2276; x_wconf 86' lang='grc' dir='ltr'><strong><em>τούτου</em></strong></span> <span class='ocrx_word' id='word_1_162' title='bbox 1179 2215 1217 2277; x_wconf 76' lang='lat' dir='ltr'>di</span> 
     </span>
     <span class='ocr_line' id='line_1_20' title="bbox 108 2308 1216 2399; baseline 0.002 -24"><span class='ocrx_word' id='word_1_163' title='bbox 108 2315 281 2394; x_wconf 74' lang='grc' dir='ltr'><strong><em>γενομένου</em></strong></span> <span class='ocrx_word' id='word_1_164' title='bbox 318 2308 348 2375; x_wconf 77' lang='grc' dir='ltr'><strong><em>οῖ</em></strong></span> <span class='ocrx_word' id='word_1_165' title='bbox 378 2315 436 2393; x_wconf 72' lang='grc' dir='ltr'><strong><em>μὲν</em></strong></span> <span class='ocrx_word' id='word_1_166' title='bbox 457 2315 517 2377; x_wconf 81' lang='grc' dir='ltr'><strong><em>τού</em></strong></span> <span class='ocrx_word' id='word_1_167' title='bbox 538 2315 715 2397; x_wconf 79' lang='grc' dir='ltr'><strong><em>Βρυεννόου</em></strong></span> <span class='ocrx_word' id='word_1_168' title='bbox 744 2314 940 2399; x_wconf 73' lang='grc' dir='ltr'><strong><em>στρατιῶται</em></strong></span> <span class='ocrx_word' id='word_1_169' title='bbox 971 2315 1112 2395; x_wconf 79' lang='grc' dir='ltr'><strong><em>ταράχου</em></strong></span> <span class='ocrx_word' id='word_1_170' title='bbox 1133 2318 1216 2398; x_wconf 81' lang='grc' dir='ltr'><strong><em>πλη-</em></strong></span> 
     </span>
     <span class='ocr_line' id='line_1_21' title="bbox 63 2409 1217 2503; baseline -0.003 -26"><span class='ocrx_word' id='word_1_171' title='bbox 63 2415 248 2503; x_wconf 31' lang='grc' dir='ltr'><strong><em>ςρσθδντις.</em></strong></span> <span class='ocrx_word' id='word_1_172' title='bbox 263 2410 321 2487; x_wconf 84' lang='grc' dir='ltr'><strong><em>τός</em></strong></span> <span class='ocrx_word' id='word_1_173' title='bbox 344 2411 455 2494; x_wconf 79' lang='grc' dir='ltr'><strong><em>ψυχὰς</em></strong></span> <span class='ocrx_word' id='word_1_174' title='bbox 472 2409 760 2498; x_wconf 71' lang='grc' dir='ltr'><strong><em>κατεσπόσθησαν·</em></strong></span> <span class='ocrx_word' id='word_1_175' title='bbox 807 2411 835 2478; x_wconf 80' lang='grc' dir='ltr'><strong><em>οἱ</em></strong></span> <span class='ocrx_word' id='word_1_176' title='bbox 864 2417 899 2478; x_wconf 75' lang='grc' dir='ltr'><strong><em>δὲ</em></strong></span> <span class='ocrx_word' id='word_1_177' title='bbox 925 2415 1059 2494; x_wconf 80' lang='grc' dir='ltr'><strong><em>Τούρκοι</em></strong></span> <span class='ocrx_word' id='word_1_178' title='bbox 1081 2411 1217 2488; x_wconf 88' lang='grc' dir='ltr'><strong><em>πολλούς</em></strong></span> 
     </span>
    </p>
   </div>
   <div class='ocr_carea' id='block_1_3' title="bbox 109 2509 1219 2903">
    <p class='ocr_par' dir='ltr' id='par_1_4' title="bbox 109 2509 1219 2903">
     <span class='ocr_line' id='line_1_22' title="bbox 110 2509 1218 2603; baseline 0.003 -27"><span class='ocrx_word' id='word_1_179' title='bbox 110 2511 305 2587; x_wconf 85' lang='grc' dir='ltr'><strong><em>α’ποσπόδας</em></strong></span> <span class='ocrx_word' id='word_1_180' title='bbox 326 2509 578 2594; x_wconf 84' lang='grc' dir='ltr'><strong><em>καταβαλόντες,</em></strong></span> <span class='ocrx_word' id='word_1_181' title='bbox 599 2516 657 2578; x_wconf 81' lang='grc' dir='ltr'><strong><em>κόν</em></strong></span> <span class='ocrx_word' id='word_1_182' title='bbox 677 2512 779 2603; x_wconf 69' lang='grc' dir='ltr'><strong><em>τούτῳ</em></strong></span> <span class='ocrx_word' id='word_1_183' title='bbox 800 2518 843 2601; x_wconf 78' lang='grc' dir='ltr'><strong><em>τῷ</em></strong></span> <span class='ocrx_word' id='word_1_184' title='bbox 862 2512 943 2603; x_wconf 81' lang='grc' dir='ltr'><strong><em>ἔργιρ</em></strong></span> <span class='ocrx_word' id='word_1_185' title='bbox 964 2516 1040 2588; x_wconf 80' lang='grc' dir='ltr'><strong><em>τοὺς</em></strong></span> <span class='ocrx_word' id='word_1_186' title='bbox 1062 2516 1218 2600; x_wconf 78' lang='grc' dir='ltr'><strong><em>Βρυευνό·</em></strong></span> 
     </span>
     <span class='ocr_line' id='line_1_23' title="bbox 109 2612 1219 2700; baseline 0.003 -23"><span class='ocrx_word' id='word_1_187' title='bbox 109 2636 169 2687; x_wconf 89' lang='grc' dir='ltr'><strong><em>τοις</em></strong></span> <span class='ocrx_word' id='word_1_188' title='bbox 200 2612 533 2696; x_wconf 83' lang='grc' dir='ltr'><strong><em>καταμοχλεύσαντες,</em></strong></span> <span class='ocrx_word' id='word_1_189' title='bbox 561 2613 770 2698; x_wconf 72' lang='grc' dir='ltr'><strong><em>ύπδστρεςυαν</em></strong></span> <span class='ocrx_word' id='word_1_190' title='bbox 802 2614 847 2692; x_wconf 73' lang='grc' dir='ltr'><strong><em>εἰς</em></strong></span> <span class='ocrx_word' id='word_1_191' title='bbox 875 2612 929 2680; x_wconf 88' lang='grc' dir='ltr'><strong><em>τόν</em></strong></span> <span class='ocrx_word' id='word_1_192' title='bbox 959 2612 1041 2680; x_wconf 76' lang='grc' dir='ltr'><strong><em>ἴδιον</em></strong></span> <span class='ocrx_word' id='word_1_193' title='bbox 1064 2613 1219 2700; x_wconf 85' lang='grc' dir='ltr'><strong><em>στρατόν,</em></strong></span> 
     </span>
     <span class='ocr_line' id='line_1_24' title="bbox 109 2710 1219 2802; baseline -0.003 -23"><span class='ocrx_word' id='word_1_194' title='bbox 109 2711 170 2779; x_wconf 89' lang='grc' dir='ltr'><strong><em>τόν</em></strong></span> <span class='ocrx_word' id='word_1_195' title='bbox 192 2712 328 2794; x_wconf 87' lang='grc' dir='ltr'><strong><em>πόλεμον</em></strong></span> <span class='ocrx_word' id='word_1_196' title='bbox 355 2710 489 2796; x_wconf 64' lang='grc' dir='ltr'><strong><em>ἐγγίζειν</em></strong></span> <span class='ocrx_word' id='word_1_197' title='bbox 510 2712 598 2802; x_wconf 74' lang='grc' dir='ltr'><strong><em>αύτῷ</em></strong></span> <span class='ocrx_word' id='word_1_198' title='bbox 612 2719 882 2799; x_wconf 74' lang='grc' dir='ltr'><strong><em>καταγγέλλοντες.</em></strong></span> <span class='ocrx_word' id='word_1_199' title='bbox 927 2712 944 2778; x_wconf 86' lang='grc' dir='ltr'><strong><em>ό</em></strong></span> <span class='ocrx_word' id='word_1_200' title='bbox 967 2715 1003 2777; x_wconf 74' lang='grc' dir='ltr'><strong><em>δὲ</em></strong></span> <span class='ocrx_word' id='word_1_201' title='bbox 1023 2714 1219 2795; x_wconf 80' lang='grc' dir='ltr'><strong><em>διαταξάμε-</em></strong></span> 
     </span>
     <span class='ocr_line' id='line_1_25' title="bbox 109 2810 1219 2903; baseline -0.001 -22"><span class='ocrx_word' id='word_1_202' title='bbox 109 2837 167 2892; x_wconf 89' lang='grc' dir='ltr'><strong><em>νος</em></strong></span> <span class='ocrx_word' id='word_1_203' title='bbox 189 2814 229 2879; x_wconf 85' lang='grc' dir='ltr'><strong><em>τό</em></strong></span> <span class='ocrx_word' id='word_1_204' title='bbox 259 2810 475 2900; x_wconf 73' lang='grc' dir='ltr'><strong><em>προσήκοντα,</em></strong></span> <span class='ocrx_word' id='word_1_205' title='bbox 503 2819 559 2881; x_wconf 82' lang='grc' dir='ltr'><strong><em>κου’</em></strong></span> <span class='ocrx_word' id='word_1_206' title='bbox 589 2813 706 2892; x_wconf 87' lang='grc' dir='ltr'><strong><em>πόνεας</em></strong></span> <span class='ocrx_word' id='word_1_207' title='bbox 739 2815 967 2903; x_wconf 78' lang='grc' dir='ltr'><strong><em>παραγγελίαις</em></strong></span> <span class='ocrx_word' id='word_1_208' title='bbox 997 2822 1219 2901; x_wconf 68' lang='grc' dir='ltr'><strong><em>στρατηγικαῖς</em></strong></span> 
     </span>
    </p>
   </div>
   <div class='ocr_carea' id='block_1_4' title="bbox 111 3103 1276 4322">
    <p class='ocr_par' dir='ltr' id='par_1_5' title="bbox 111 3103 1276 4322">
     <span class='ocr_line' id='line_1_26' title="bbox 112 3103 1276 3175; baseline -0.003 -12"><span class='ocrx_word' id='word_1_209' title='bbox 112 3110 173 3175; x_wconf 79' lang='grc' dir='ltr'><strong><em>λιιι,</em></strong></span> <span class='ocrx_word' id='word_1_210' title='bbox 193 3117 221 3160; x_wconf 90' lang='lat' dir='ltr'><strong><em>et</em></strong></span> <span class='ocrx_word' id='word_1_211' title='bbox 238 3107 411 3160; x_wconf 71' lang='lat' dir='ltr'>domesticum</span> <span class='ocrx_word' id='word_1_212' title='bbox 430 3103 502 3158; x_wconf 84' lang='lat' dir='ltr'>hune</span> <span class='ocrx_word' id='word_1_213' title='bbox 527 3120 622 3159; x_wconf 83' lang='lat' dir='ltr'>ereans</span> <span class='ocrx_word' id='word_1_214' title='bbox 641 3122 700 3159; x_wconf 86' lang='lat' dir='ltr'><strong><em>eum</em></strong></span> <span class='ocrx_word' id='word_1_215' title='bbox 727 3106 784 3158; x_wconf 89' lang='lat' dir='ltr'>eius</span> <span class='ocrx_word' id='word_1_216' title='bbox 806 3106 969 3159; x_wconf 72' lang='lat' dir='ltr'>exercitibus</span> <span class='ocrx_word' id='word_1_217' title='bbox 992 3104 1073 3170; x_wconf 71' lang='lat' dir='ltr'>misit,</span> <span class='ocrx_word' id='word_1_218' title='bbox 1092 3108 1217 3160; x_wconf 80' lang='lat' dir='ltr'>iuvenem</span> <span class='ocrx_word' id='word_1_219' title='bbox 1271 3136 1276 3145; x_wconf 79' lang='lat'>=</span> 
     </span>
     <span class='ocr_line' id='line_1_27' title="bbox 113 3176 1217 3251; baseline -0.002 -19"><span class='ocrx_word' id='word_1_220' title='bbox 113 3180 226 3251; x_wconf 79' lang='lat' dir='ltr'>quiden</span> <span class='ocrx_word' id='word_1_221' title='bbox 246 3187 344 3243; x_wconf 83' lang='lat' dir='ltr'>astute,</span> <span class='ocrx_word' id='word_1_222' title='bbox 364 3177 505 3244; x_wconf 83' lang='lat' dir='ltr'>prudentia</span> <span class='ocrx_word' id='word_1_223' title='bbox 525 3182 613 3230; x_wconf 84' lang='lat' dir='ltr'>nutem</span> <span class='ocrx_word' id='word_1_224' title='bbox 633 3185 661 3230; x_wconf 89' lang='lat' dir='ltr'><strong><em>et</em></strong></span> <span class='ocrx_word' id='word_1_225' title='bbox 678 3177 758 3228; x_wconf 83' lang='lat' dir='ltr'>animi</span> <span class='ocrx_word' id='word_1_226' title='bbox 778 3176 1120 3230; x_wconf 75' lang='lat' dir='ltr'>constantinenerahilem</span> <span class='ocrx_word' id='word_1_227' title='bbox 1139 3178 1217 3230; x_wconf 82' lang='lat' dir='ltr'>etad</span> 
     </span>
     <span class='ocr_line' id='line_1_28' title="bbox 113 3247 1218 3322; baseline -0.002 -20"><span class='ocrx_word' id='word_1_228' title='bbox 113 3268 131 3322; x_wconf 91' lang='lat' dir='ltr'>p</span> <span class='ocrx_word' id='word_1_229' title='bbox 243 3257 270 3302; x_wconf 88' lang='lat' dir='ltr'><strong><em>et</em></strong></span> <span class='ocrx_word' id='word_1_230' title='bbox 289 3249 362 3302; x_wconf 84' lang='lat' dir='ltr'>bella</span> <span class='ocrx_word' id='word_1_231' title='bbox 381 3250 515 3301; x_wconf 82' lang='lat' dir='ltr'>immotum</span> <span class='ocrx_word' id='word_1_232' title='bbox 534 3257 562 3300; x_wconf 87' lang='lat' dir='ltr'><strong><em>et</em></strong></span> <span class='ocrx_word' id='word_1_233' title='bbox 572 3250 700 3303; x_wconf 79' lang='lat' dir='ltr'>invictum</span> <span class='ocrx_word' id='word_1_234' title='bbox 719 3263 808 3316; x_wconf 88' lang='lat' dir='ltr'>neque</span> <span class='ocrx_word' id='word_1_235' title='bbox 818 3247 870 3300; x_wconf 75' lang='lat' dir='ltr'>ude</span> <span class='ocrx_word' id='word_1_236' title='bbox 888 3263 952 3316; x_wconf 72' lang='lat' dir='ltr'>argu</span> <span class='ocrx_word' id='word_1_237' title='bbox 969 3262 1061 3315; x_wconf 74' lang='lat' dir='ltr'>regern</span> <span class='ocrx_word' id='word_1_238' title='bbox 1079 3248 1218 3300; x_wconf 72' lang='lat' dir='ltr'>mortifera</span> 
     </span>
     <span class='ocr_line' id='line_1_29' title="bbox 113 3320 1217 3389; baseline -0.005 -13"><span class='ocrx_word' id='word_1_239' title='bbox 113 3338 232 3376; x_wconf 77' lang='lat' dir='ltr'>sunere</span> <span class='ocrx_word' id='word_1_240' title='bbox 250 3322 386 3374; x_wconf 84' lang='lat' dir='ltr'>timentem</span> <span class='ocrx_word' id='word_1_241' title='bbox 412 3328 622 3389; x_wconf 83' lang='lat' dir='ltr'>parentemque:</span> <span class='ocrx_word' id='word_1_242' title='bbox 648 3321 693 3388; x_wconf 88' lang='lat' dir='ltr'>qui</span> <span class='ocrx_word' id='word_1_243' title='bbox 718 3320 824 3387; x_wconf 86' lang='lat' dir='ltr'>quidem</span> <span class='ocrx_word' id='word_1_244' title='bbox 849 3334 940 3371; x_wconf 83' lang='lat' dir='ltr'>manus</span> <span class='ocrx_word' id='word_1_245' title='bbox 965 3320 1100 3386; x_wconf 83' lang='lat' dir='ltr'>recipiens</span> <span class='ocrx_word' id='word_1_246' title='bbox 1125 3328 1217 3371; x_wconf 84' lang='lat' dir='ltr'>eontra</span> 
     </span>
     <span class='ocr_line' id='line_1_30' title="bbox 112 3389 1219 3461; baseline -0.007 -12"><span class='ocrx_word' id='word_1_247' title='bbox 112 3394 282 3461; x_wconf 73' lang='lat' dir='ltr'>Bryenniurn</span> <span class='ocrx_word' id='word_1_248' title='bbox 302 3408 360 3444; x_wconf 83' lang='lat' dir='ltr'>curn</span> <span class='ocrx_word' id='word_1_249' title='bbox 380 3399 507 3459; x_wconf 86' lang='lat' dir='ltr'>apparatu</span> <span class='ocrx_word' id='word_1_250' title='bbox 527 3400 554 3443; x_wconf 90' lang='lat' dir='ltr'><strong><em>et</em></strong></span> <span class='ocrx_word' id='word_1_251' title='bbox 573 3391 687 3444; x_wconf 80' lang='lat' dir='ltr'>consiliu</span> <span class='ocrx_word' id='word_1_252' title='bbox 713 3391 776 3444; x_wconf 82' lang='lat' dir='ltr'>datu</span> <span class='ocrx_word' id='word_1_253' title='bbox 802 3391 827 3442; x_wconf 89' lang='lat' dir='ltr'><strong><em>ei</em></strong></span> <span class='ocrx_word' id='word_1_254' title='bbox 854 3406 870 3442; x_wconf 85' lang='lat' dir='ltr'>a</span> <span class='ocrx_word' id='word_1_255' title='bbox 899 3405 966 3458; x_wconf 71' lang='lat' dir='ltr'>rege</span> <span class='ocrx_word' id='word_1_256' title='bbox 987 3389 1166 3456; x_wconf 79' lang='lat' dir='ltr'><strong>procedebat,</strong></span> <span class='ocrx_word' id='word_1_257' title='bbox 1192 3396 1219 3441; x_wconf 90' lang='lat' dir='ltr'><strong><em>et</em></strong></span> 
     </span>
     <span class='ocr_line' id='line_1_31' title="bbox 112 3460 1218 3533; baseline -0.008 -15"><span class='ocrx_word' id='word_1_258' title='bbox 112 3465 189 3533; x_wconf 77' lang='lat' dir='ltr'>apud</span> <span class='ocrx_word' id='word_1_259' title='bbox 207 3464 312 3527; x_wconf 85' lang='grc' dir='ltr'><strong><em>Ισοιιιιι,</em></strong></span> <span class='ocrx_word' id='word_1_260' title='bbox 332 3465 377 3533; x_wconf 82' lang='lat' dir='ltr'>qui</span> <span class='ocrx_word' id='word_1_261' title='bbox 397 3462 544 3531; x_wconf 75' lang='lat' dir='ltr'>Galabryes</span> <span class='ocrx_word' id='word_1_262' title='bbox 564 3471 684 3528; x_wconf 80' lang='lat' dir='ltr'>vocatur,</span> <span class='ocrx_word' id='word_1_263' title='bbox 696 3477 823 3516; x_wconf 79' lang='lat' dir='ltr'>recreans</span> <span class='ocrx_word' id='word_1_264' title='bbox 843 3463 988 3514; x_wconf 84' lang='lat' dir='ltr'>exercitum</span> <span class='ocrx_word' id='word_1_265' title='bbox 1006 3460 1110 3512; x_wconf 79' lang='lat' dir='ltr'>audivit</span> <span class='ocrx_word' id='word_1_266' title='bbox 1126 3476 1218 3528; x_wconf 87' lang='lat' dir='ltr'>aspe.</span> 
     </span>
     <span class='ocr_line' id='line_1_32' title="bbox 113 3530 1219 3603; baseline -0.007 -15"><span class='ocrx_word' id='word_1_267' title='bbox 113 3532 456 3602; x_wconf 76' lang='lat' dir='ltr'>euisturibusliryennium</span> <span class='ocrx_word' id='word_1_268' title='bbox 475 3536 689 3603; x_wconf 82' lang='lat' dir='ltr'>appropinquare</span> <span class='ocrx_word' id='word_1_269' title='bbox 707 3550 766 3585; x_wconf 87' lang='lat' dir='ltr'><strong><em>cum</em></strong></span> <span class='ocrx_word' id='word_1_270' title='bbox 787 3541 843 3585; x_wconf 89' lang='lat' dir='ltr'>toto</span> <span class='ocrx_word' id='word_1_271' title='bbox 864 3533 982 3584; x_wconf 86' lang='lat' dir='ltr'>exercitu</span> <span class='ocrx_word' id='word_1_272' title='bbox 1003 3530 1137 3584; x_wconf 76' lang='lat' dir='ltr'>aiiesene</span> <span class='ocrx_word' id='word_1_273' title='bbox 1153 3546 1219 3599; x_wconf 85' lang='lat' dir='ltr'>pre.</span> 
     </span>
     <span class='ocr_line' id='line_1_33' title="bbox 115 3602 1220 3672; baseline -0.007 -12"><span class='ocrx_word' id='word_1_274' title='bbox 115 3608 240 3661; x_wconf 74' lang='lat' dir='ltr'>fectum:</span> <span class='ocrx_word' id='word_1_275' title='bbox 258 3605 302 3656; x_wconf 86' lang='lat' dir='ltr'>hic</span> <span class='ocrx_word' id='word_1_276' title='bbox 321 3613 408 3657; x_wconf 80' lang='lat' dir='ltr'>nutem</span> <span class='ocrx_word' id='word_1_277' title='bbox 419 3605 515 3657; x_wconf 83' lang='lat' dir='ltr'>Turess</span> <span class='ocrx_word' id='word_1_278' title='bbox 532 3606 640 3658; x_wconf 86' lang='lat' dir='ltr'>mittens</span> <span class='ocrx_word' id='word_1_279' title='bbox 658 3614 750 3668; x_wconf 87' lang='lat' dir='ltr'>noctu,</span> <span class='ocrx_word' id='word_1_280' title='bbox 768 3619 900 3672; x_wconf 85' lang='lat' dir='ltr'>apparere</span> <span class='ocrx_word' id='word_1_281' title='bbox 917 3604 961 3654; x_wconf 85' lang='lat' dir='ltr'><strong><em>die</em></strong></span> <span class='ocrx_word' id='word_1_282' title='bbox 979 3602 1142 3654; x_wconf 80' lang='lat' dir='ltr'>adversariis</span> <span class='ocrx_word' id='word_1_283' title='bbox 1161 3606 1220 3658; x_wconf 83' lang='lat' dir='ltr'>ius.</span> 
     </span>
     <span class='ocr_line' id='line_1_34' title="bbox 112 3674 1220 3742; baseline -0.009 -10"><span class='ocrx_word' id='word_1_284' title='bbox 112 3680 175 3741; x_wconf 91' lang='lat' dir='ltr'>sit,</span> <span class='ocrx_word' id='word_1_285' title='bbox 204 3685 231 3729; x_wconf 88' lang='lat' dir='ltr'><strong><em>et</em></strong></span> <span class='ocrx_word' id='word_1_286' title='bbox 249 3685 347 3729; x_wconf 83' lang='lat' dir='ltr'>metum</span> <span class='ocrx_word' id='word_1_287' title='bbox 366 3676 487 3727; x_wconf 75' lang='lat' dir='ltr'>incutere</span> <span class='ocrx_word' id='word_1_288' title='bbox 506 3674 548 3726; x_wconf 87' lang='lat' dir='ltr'>his</span> <span class='ocrx_word' id='word_1_289' title='bbox 568 3684 595 3727; x_wconf 86' lang='lat' dir='ltr'><strong><em>et</em></strong></span> <span class='ocrx_word' id='word_1_290' title='bbox 613 3676 715 3729; x_wconf 83' lang='lat' dir='ltr'>turbam</span> <span class='ocrx_word' id='word_1_291' title='bbox 735 3693 750 3727; x_wconf 89' lang='lat' dir='ltr'><strong><em>e</em></strong></span> <span class='ocrx_word' id='word_1_292' title='bbox 769 3674 886 3742; x_wconf 88' lang='lat' dir='ltr'>speculis</span> <span class='ocrx_word' id='word_1_293' title='bbox 905 3681 1137 3740; x_wconf 69' lang='lat' dir='ltr'><strong><em>repraesentantes</em></strong></span> <span class='ocrx_word' id='word_1_294' title='bbox 1156 3674 1220 3727; x_wconf 86' lang='lat' dir='ltr'>bel.</span> 
     </span>
     <span class='ocr_line' id='line_1_35' title="bbox 112 3744 1220 3818; baseline -0.006 -16"><span class='ocrx_word' id='word_1_295' title='bbox 112 3749 196 3813; x_wconf 87' lang='lat' dir='ltr'>lurn,</span> <span class='ocrx_word' id='word_1_296' title='bbox 223 3756 304 3818; x_wconf 80' lang='lat' dir='ltr'>atque</span> <span class='ocrx_word' id='word_1_297' title='bbox 322 3749 362 3799; x_wconf 86' lang='lat' dir='ltr'><strong><em>sie</em></strong></span> <span class='ocrx_word' id='word_1_298' title='bbox 380 3753 523 3814; x_wconf 85' lang='lat' dir='ltr'>pereutere</span> <span class='ocrx_word' id='word_1_299' title='bbox 541 3746 755 3800; x_wconf 80' lang='lat' dir='ltr'>adversariorum</span> <span class='ocrx_word' id='word_1_300' title='bbox 776 3748 898 3809; x_wconf 81' lang='lat' dir='ltr'>animus,</span> <span class='ocrx_word' id='word_1_301' title='bbox 924 3753 952 3796; x_wconf 90' lang='lat' dir='ltr'><strong><em>et</em></strong></span> <span class='ocrx_word' id='word_1_302' title='bbox 969 3744 1071 3797; x_wconf 85' lang='lat' dir='ltr'>turbam</span> <span class='ocrx_word' id='word_1_303' title='bbox 1089 3746 1220 3798; x_wconf 84' lang='lat' dir='ltr'>exercitui</span> 
     </span>
     <span class='ocr_line' id='line_1_36' title="bbox 111 3816 1221 3886; baseline -0.007 -12"><span class='ocrx_word' id='word_1_304' title='bbox 111 3834 233 3874; x_wconf 81' lang='lat' dir='ltr'>munere</span> <span class='ocrx_word' id='word_1_305' title='bbox 254 3820 313 3871; x_wconf 89' lang='lat' dir='ltr'>sine</span> <span class='ocrx_word' id='word_1_306' title='bbox 332 3817 487 3885; x_wconf 83' lang='lat' dir='ltr'>suspicione</span> <span class='ocrx_word' id='word_1_307' title='bbox 506 3816 592 3870; x_wconf 83' lang='lat' dir='ltr'>adhuc</span> <span class='ocrx_word' id='word_1_308' title='bbox 614 3818 789 3885; x_wconf 85' lang='lat' dir='ltr'>procedenti,</span> <span class='ocrx_word' id='word_1_309' title='bbox 814 3825 894 3885; x_wconf 80' lang='lat' dir='ltr'>atque</span> <span class='ocrx_word' id='word_1_310' title='bbox 913 3816 950 3867; x_wconf 84' lang='lat' dir='ltr'>ita</span> <span class='ocrx_word' id='word_1_311' title='bbox 979 3816 1108 3867; x_wconf 82' lang='lat' dir='ltr'>recedere</span> <span class='ocrx_word' id='word_1_312' title='bbox 1132 3831 1221 3886; x_wconf 81' lang='lat' dir='ltr'>neque</span> 
     </span>
     <span class='ocr_line' id='line_1_37' title="bbox 111 3886 1223 3956; baseline -0.008 -10"><span class='ocrx_word' id='word_1_313' title='bbox 111 3893 151 3946; x_wconf 77' lang='grc' dir='ltr'><strong><em>ιδ</em></strong></span> <span class='ocrx_word' id='word_1_314' title='bbox 169 3905 263 3942; x_wconf 88' lang='lat' dir='ltr'>manus</span> <span class='ocrx_word' id='word_1_315' title='bbox 282 3888 324 3940; x_wconf 82' lang='lat' dir='ltr'>his</span> <span class='ocrx_word' id='word_1_316' title='bbox 344 3889 508 3942; x_wconf 84' lang='lat' dir='ltr'>convenire:</span> <span class='ocrx_word' id='word_1_317' title='bbox 529 3888 570 3939; x_wconf 91' lang='lat' dir='ltr'>sin</span> <span class='ocrx_word' id='word_1_318' title='bbox 588 3904 654 3940; x_wconf 81' lang='lat' dir='ltr'>vero</span> <span class='ocrx_word' id='word_1_319' title='bbox 676 3901 742 3956; x_wconf 88' lang='lat' dir='ltr'>quos</span> <span class='ocrx_word' id='word_1_320' title='bbox 761 3889 916 3939; x_wconf 79' lang='lat' dir='ltr'>invenirent</span> <span class='ocrx_word' id='word_1_321' title='bbox 933 3886 1093 3953; x_wconf 81' lang='lat' dir='ltr'>dissipatus,&#39;</span> <span class='ocrx_word' id='word_1_322' title='bbox 1105 3886 1165 3951; x_wconf 90' lang='lat' dir='ltr'>his,</span> <span class='ocrx_word' id='word_1_323' title='bbox 1193 3893 1223 3938; x_wconf 88' lang='lat' dir='ltr'><strong><em>ut</em></strong></span> 
     </span>
     <span class='ocr_line' id='line_1_38' title="bbox 111 3955 1223 4029; baseline -0.009 -14"><span class='ocrx_word' id='word_1_324' title='bbox 111 3974 229 4029; x_wconf 80' lang='lat' dir='ltr'>tempus</span> <span class='ocrx_word' id='word_1_325' title='bbox 247 3962 423 4028; x_wconf 85' lang='lat' dir='ltr'>permitteret,</span> <span class='ocrx_word' id='word_1_326' title='bbox 444 3960 491 4010; x_wconf 87' lang='lat' dir='ltr'>uti.</span> <span class='ocrx_word' id='word_1_327' title='bbox 530 3958 581 4009; x_wconf 87' lang='lat' dir='ltr'><strong><em>hec</em></strong></span> <span class='ocrx_word' id='word_1_328' title='bbox 600 3967 686 4010; x_wconf 84' lang='lat' dir='ltr'>sutem</span> <span class='ocrx_word' id='word_1_329' title='bbox 706 3958 776 4009; x_wconf 83' lang='lat' dir='ltr'>iacto</span> <span class='ocrx_word' id='word_1_330' title='bbox 796 3956 924 4023; x_wconf 76' lang='lat' dir='ltr'>Bryeunii</span> <span class='ocrx_word' id='word_1_331' title='bbox 943 3955 1042 4009; x_wconf 83' lang='lat' dir='ltr'>milites</span> <span class='ocrx_word' id='word_1_332' title='bbox 1070 3958 1146 4010; x_wconf 85' lang='lat' dir='ltr'>turba</span> <span class='ocrx_word' id='word_1_333' title='bbox 1170 3960 1223 4009; x_wconf 86' lang='lat' dir='ltr'>im.</span> 
     </span>
     <span class='ocr_line' id='line_1_39' title="bbox 115 4026 1224 4103; baseline -0.01 -18"><span class='ocrx_word' id='word_1_334' title='bbox 115 4032 192 4103; x_wconf 86' lang='lat' dir='ltr'>pieti</span> <span class='ocrx_word' id='word_1_335' title='bbox 211 4032 351 4084; x_wconf 85' lang='lat' dir='ltr'>inanimis</span> <span class='ocrx_word' id='word_1_336' title='bbox 371 4030 491 4097; x_wconf 85' lang='lat' dir='ltr'>dissipati</span> <span class='ocrx_word' id='word_1_337' title='bbox 511 4037 588 4080; x_wconf 88' lang='lat' dir='ltr'>sunt:</span> <span class='ocrx_word' id='word_1_338' title='bbox 607 4028 707 4080; x_wconf 80' lang='lat' dir='ltr'>Tureae</span> <span class='ocrx_word' id='word_1_339' title='bbox 727 4036 814 4079; x_wconf 86' lang='lat' dir='ltr'>autern</span> <span class='ocrx_word' id='word_1_340' title='bbox 833 4035 972 4095; x_wconf 81' lang='lat' dir='ltr'>postquem</span> <span class='ocrx_word' id='word_1_341' title='bbox 990 4026 1088 4080; x_wconf 79' lang='lat' dir='ltr'>multas</span> <span class='ocrx_word' id='word_1_342' title='bbox 1107 4030 1224 4095; x_wconf 85' lang='lat' dir='ltr'>dissipa.</span> 
     </span>
     <span class='ocr_line' id='line_1_40' title="bbox 116 4096 1226 4171; baseline -0.009 -13"><span class='ocrx_word' id='word_1_343' title='bbox 116 4116 168 4158; x_wconf 86' lang='lat' dir='ltr'><strong><em>tos</em></strong></span> <span class='ocrx_word' id='word_1_344' title='bbox 188 4110 354 4171; x_wconf 86' lang='lat' dir='ltr'>occuparunt</span> <span class='ocrx_word' id='word_1_345' title='bbox 373 4110 399 4154; x_wconf 89' lang='lat' dir='ltr'><strong><em>et</em></strong></span> <span class='ocrx_word' id='word_1_346' title='bbox 418 4102 444 4153; x_wconf 91' lang='lat' dir='ltr'>in</span> <span class='ocrx_word' id='word_1_347' title='bbox 468 4100 520 4152; x_wconf 82' lang='grc' dir='ltr'><strong><em>Ιιοσ</em></strong></span> <span class='ocrx_word' id='word_1_348' title='bbox 540 4115 622 4167; x_wconf 83' lang='lat' dir='ltr'>opere</span> <span class='ocrx_word' id='word_1_349' title='bbox 632 4099 792 4166; x_wconf 69' lang='lat' dir='ltr'>Bryennitas</span> <span class='ocrx_word' id='word_1_350' title='bbox 811 4097 985 4166; x_wconf 79' lang='lat' dir='ltr'>depulerunt,</span> <span class='ocrx_word' id='word_1_351' title='bbox 1004 4106 1174 4151; x_wconf 89' lang='lat' dir='ltr'>recesserunt</span> <span class='ocrx_word' id='word_1_352' title='bbox 1191 4096 1226 4149; x_wconf 83' lang='grc' dir='ltr'><strong><em>εδ</em></strong></span> 
     </span>
     <span class='ocr_line' id='line_1_41' title="bbox 113 4168 1225 4239; baseline -0.013 -8"><span class='ocrx_word' id='word_1_353' title='bbox 113 4191 204 4231; x_wconf 88' lang='lat' dir='ltr'>suum</span> <span class='ocrx_word' id='word_1_354' title='bbox 227 4175 395 4238; x_wconf 81' lang='lat' dir='ltr'>exereitum,</span> <span class='ocrx_word' id='word_1_355' title='bbox 414 4168 517 4224; x_wconf 84' lang='lat' dir='ltr'>bellum</span> <span class='ocrx_word' id='word_1_356' title='bbox 535 4171 749 4239; x_wconf 83' lang='lat' dir='ltr'>appropinquare</span> <span class='ocrx_word' id='word_1_357' title='bbox 770 4173 795 4221; x_wconf 90' lang='lat' dir='ltr'><strong><em>ei</em></strong></span> <span class='ocrx_word' id='word_1_358' title='bbox 813 4170 976 4221; x_wconf 78' lang='lat' dir='ltr'>nuntiantes.</span> <span class='ocrx_word' id='word_1_359' title='bbox 1013 4171 1037 4221; x_wconf 90' lang='lat' dir='ltr'>is</span> <span class='ocrx_word' id='word_1_360' title='bbox 1057 4178 1143 4221; x_wconf 88' lang='lat' dir='ltr'>autem</span> <span class='ocrx_word' id='word_1_361' title='bbox 1172 4170 1225 4219; x_wconf 83' lang='lat' dir='ltr'>im.</span> 
     </span>
     <span class='ocr_line' id='line_1_42' title="bbox 111 4240 1225 4322; baseline -0.01 -20"><span class='ocrx_word' id='word_1_362' title='bbox 111 4262 223 4322; x_wconf 86' lang='lat' dir='ltr'>perans</span> <span class='ocrx_word' id='word_1_363' title='bbox 242 4261 310 4315; x_wconf 83' lang='lat' dir='ltr'>quae</span> <span class='ocrx_word' id='word_1_364' title='bbox 329 4252 390 4313; x_wconf 85' lang='lat' dir='ltr'>apta</span> <span class='ocrx_word' id='word_1_365' title='bbox 410 4250 494 4310; x_wconf 85' lang='lat' dir='ltr'>eruut,</span> <span class='ocrx_word' id='word_1_366' title='bbox 513 4249 541 4293; x_wconf 90' lang='lat' dir='ltr'><strong><em>et</em></strong></span> <span class='ocrx_word' id='word_1_367' title='bbox 550 4258 643 4296; x_wconf 83' lang='lat' dir='ltr'>ornnes</span> <span class='ocrx_word' id='word_1_368' title='bbox 662 4241 801 4311; x_wconf 84' lang='lat' dir='ltr'>premissis</span> <span class='ocrx_word' id='word_1_369' title='bbox 820 4240 1000 4309; x_wconf 86' lang='lat' dir='ltr'>imperatoriis</span> <span class='ocrx_word' id='word_1_370' title='bbox 1019 4240 1176 4294; x_wconf 67' lang='lat' dir='ltr'>connium</span> <span class='ocrx_word' id='word_1_371' title='bbox 1197 4246 1225 4292; x_wconf 94' lang='lat' dir='ltr'><strong><em>et</em></strong></span> 
     </span>
    </p>
   </div>
   <div class='ocr_carea' id='block_1_5' title="bbox 198 4322 1037 4402">
    <p class='ocr_par' dir='ltr' id='par_1_6' title="bbox 198 4322 1037 4402">
     <span class='ocr_line' id='line_1_43' title="bbox 198 4322 1037 4402; baseline -0.004 -6"><span class='ocrx_word' id='word_1_372' title='bbox 198 4341 281 4397; x_wconf 78' lang='lat' dir='ltr'>set.</span> <span class='ocrx_word' id='word_1_373' title='bbox 300 4339 384 4397; x_wconf 79' lang='grc' dir='ltr'><strong><em>ιιιι.</em></strong></span> <span class='ocrx_word' id='word_1_374' title='bbox 397 4340 471 4402; x_wconf 75' lang='grc' dir='ltr'><strong><em>σοι.</em></strong></span> <span class='ocrx_word' id='word_1_375' title='bbox 778 4322 785 4343; x_wconf 87' lang='grc'><strong>“</strong></span> <span class='ocrx_word' id='word_1_376' title='bbox 1003 4337 1037 4393; x_wconf 81' lang='grc' dir='ltr'><strong><em>ιο</em></strong></span> 
     </span>
    </p>
   </div>
   <div class='ocr_carea' id='block_1_6' title="bbox 0 0 1598 4988">
    <p class='ocr_par' dir='ltr' id='par_1_7' title="bbox 0 0 1598 4988">
     <span class='ocr_line' id='line_1_44' title="bbox 0 0 1598 4988; baseline 0 0"><span class='ocrx_word' id='word_1_377' title='bbox 0 0 1598 4988; x_wconf 95' lang='lat' dir='ltr'><strong><em> </em></strong></span> 
     </span>
    </p>
   </div>
  </div>
 </body>
</html>
