3222 5000
588 392 795 461 ursromn.
997 372 1003 381 ’
1192 378 1242 471 σο

146 539 318 627 γασιὶμενος
346 546 527 633 προσθήκην
557 550 609 615 διό
629 526 750 618 τοόεοιν
779 553 1026 643 α’καταμιὶχηταν
1055 563 1242 647 προεξένησι

146 651 204 720 τοῖς
225 646 390 722 έναντιόις.
434 649 468 712 έν
488 650 548 736 μιρῖ
569 649 632 733 γὰρ
653 646 798 737 πλήθους
819 652 899 718 κατὰ
926 657 1095 743 βασιλικήν
1115 660 1244 746 γνοόμην
1320 710 1327 721 ·

146 747 368 826 στρατιωτικοῦ
398 752 686 833 σνναθροισθέντος
718 754 774 818 tul
799 757 863 820 τῶν
885 763 954 820 κατ’
973 756 1112 844 Ἰβηρέσν
1136 759 1243 848 όρέοον,

144 842 423 931 συνταγματάρχην
454 851 608 935 ἐπίσημον
637 849 763 935 ἔχοντος
792 850 827 931 ός
861 859 1043 941 Λιπαρότης
1074 861 1244 945 έπσονομό-

127 945 222 1024 δζετο,
243 945 390 1029 συμβολή
414 945 535 1030 μεταξό
553 951 677 1017 τούτων
697 952 751 1035 καὶ
770 957 834 1018 τῶν
852 947 980 1021 Οόννισν
1001 960 1137 1043 καρτερὰ
1157 963 1244 1045 γένε-

147 1070 211 1126 rur,
240 1047 298 1109 καί
319 1047 418 1131 μέχρι
441 1052 560 1113 πολλοῦ
590 1054 646 1135 τής
674 1055 781 1139 μα’χης
812 1054 1243 1143 καθισταμένηςέσοπαλοός

146 1151 226 1223 τέλος
248 1145 279 1211 αἱ
303 1146 561 1247 ιήντιτεταγμένοι
582 1155 617 1214 τό
642 1151 759 1238 κράτος
780 1156 963 1242 ήνέγκαντο,
987 1161 1044 1224 καί
1062 1158 1136 1238 τοός
1157 1161 1242 1230 Ῥα-

146 1248 254 1328 μαίους
278 1246 462 1332 νικήσαντες
494 1254 595 1330 ζῶντα
625 1251 680 1319 τόν
701 1258 884 1343 Λιπαρέτην
913 1263 1068 1343 κατέσχον
1089 1263 1144 1326 καί
1163 1261 1243 1349 πρός

145 1348 190 1414 τόε
210 1348 374 1433 έβνόρχην
395 1352 504 1416 ον’τιόν
530 1353 574 1429 σός
596 1340 730 1441 όήραμό
750 1382 779 1423 τι
804 1363 865 1424 τῶν
893 1362 1049 1442 μεγίσταν
1069 1358 1242 1448 όπήγαγον.

116 1452 283 1514 torsimus
303 1449 333 1512 δ’
354 1438 443 1526 οὗτος
465 1452 638 1532 σαολιόνος
667 1457 707 1543 τῇ
727 1460 875 1548 Περσική
895 1461 1057 1550 διαλέκτῳ.
1101 1463 1170 1526 ἀλλ’
1190 1457 1241 1547 bys

147 1551 247 1615 τοῦτον
269 1549 367 1637 ἰδοόν,
403 1551 457 1615 καό
477 1551 511 1617 τό
544 1559 630 1638 γένος
654 1559 765 1623 τούτου
788 1557 983 1645 μεμαθηκώς
1013 1564 1242 1645 (προκατέλιιβε
1356 1610 1364 1620 -

145 1650 199 1737 γόρ
220 1653 321 1720 αότόν
341 1657 360 1741 ή
383 1654 551 1743 φήμη,τής
572 1660 631 1724 rot
653 1659 768 1744 α’νόρός
787 1656 1030 1746 γενναιότητος),
1053 1654 1148 1745 ήρετσ
1164 1662 1242 1727 τεό-

147 1773 193 1818 τον
212 1746 299 1834 ὅπως
327 1757 366 1842 δή
386 1760 540 1843 χρηστέον
559 1758 653 1847 αότρλ
698 1757 714 1823 ό
738 1762 774 1825 δέ
793 1765 968 1843 βασιλικῶς
986 1757 1058 1848 ἔφη.
1100 1764 1157 1827 καί
1179 1764 1242 1830 αὖ·

146 1854 207 1918 τόκα
226 1858 284 1941 τής
307 1856 478 1944 δνστήνοα-
493 1861 590 1945 τόχης
613 1863 724 1926 τοῦτον
745 1861 762 1925 ὁ
786 1860 960 1937 σοαλτόνος
980 1858 1166 1945 όλεαβεροῖ,
1186 1863 1244 1932 κατ’

114 1952 265 2022 1δεόντων
302 1949 347 2025 ὧν
378 1956 459 2025 κατό
493 1959 547 2026 τόν
583 1961 719 2043 πόλεμον
753 1961 962 2049 ἀποβεβλήκει
984 1966 1240 2031 πολλαπλασίονα

146 2053 195 2138 τήν
214 2058 386 2124 α’ντέκτισιν
405 2059 491 2143 όοός,
514 2059 572 2144 τήν
586 2059 667 2145 πρός
682 2059 861 2143 Ῥαμαίους
878 2056 960 2129 οὗτοι
972 2062 1147 2147 συνεχώρει
1168 2060 1240 2146 ἕξο-

146 2156 205 2240 έοε,
225 2159 398 2239 θαομόσας
418 2159 475 2244 τήν
496 2165 553 2226 τοῦ
577 2160 692 2246 ἀνδρὸς
721 2160 885 2245 εόψυχιάν
906 2168 961 2230 κατ’
980 2161 1014 2229 τό
1036 2164 1095 2229 τοῦ
1116 2162 1239 2251 φρονή-

145 2281 235 2338 ματος
258 2256 438 2342 ια’σταθές,
459 2259 516 2326 καὶ
553 2259 691 2348 θελήσας
722 2259 766 2345 μή
794 2259 940 2348 δεύτερος
967 2264 1067 2329 αὐτοῦ
1087 2268 1237 2347 γενέσθαι

146 2363 214 2443 περὶ
239 2360 275 2424 τό
305 2367 362 2444 τής
383 2362 525 2444 πράξεως
557 2363 683 2447 εόγενές
712 2358 767 2429 καὶ
800 2362 1077 2451 α’φιλοχρήματον.
1128 2364 1239 2431 τοῦτον

111 2456 242 2523 έθτοένον
264 2455 282 2523 ό
315 2463 376 2526 τεόν
392 2456 559 2544 Ῥωμαίων
583 2464 750 2555 δεξόμενος
771 2458 934 2546 Ιβασιλεός
953 2472 1060 2557 τιμαῖς
1081 2487 1114 2530 τε
1138 2465 1240 2547 όημο-

145 2565 223 2636 σιἀις
243 2560 344 2627 αότόν
360 2563 610 2646 καττλόμσρονε,
628 2564 684 2629 καί
706 2560 822 2649 δώροις
842 2563 896 2631 καί
912 2566 1017 2649 λόγοις
1036 2565 1239 2648 πανταχόθεν

146 2654 250 2741 όχονσι
281 2661 315 2727 τό
339 2663 485 2746 λαμπρόν
514 2661 767 2751 κατεκόσμησεν,
790 2665 834 2741 ὥς
863 2660 944 2752 όπέρ
970 2667 1031 2751 ,τής
1059 2665 1239 2752 Ῥωμαῖκῆς

145 2763 302 2841 βασιλείας
324 2760 381 2846 τήν
400 2761 512 2849 ψυχήν
529 2765 724 2849 α’διστόκτοος
746 2769 927 2850 προέμενον.

148 3085 229 3139 socios
250 3088 394 3140 sedetiam
414 3087 505 3140 hostes
524 3090 596 3155 ipsos
615 3087 718 3141 validos
738 3089 838 3141 iaciens
859 3090 1041 3143 accessionem
1056 3104 1105 3156 per
1122 3086 1171 3140 hos
1191 3087 1236 3141 in.

148 3159 235 3210 rictum
254 3159 377 3227 praebuit
396 3159 525 3211 hostibus.
558 3175 612 3227 ροτ
641 3176 720 3211 unum
738 3161 808 3212 enirn
831 3160 900 3211 diem
920 3158 1088 3212 multitudiue
1107 3174 1141 3210 ex
1161 3162 1237 3226 regis

147 3234 270 3282 sententia
290 3230 399 3283 militari
419 3239 511 3282 coacta
542 3232 568 3281 in
587 3230 689 3283 lberiac
718 3232 814 3283 linibus
833 3232 1016 3281 centurionem
1035 3226 1166 3280 illustrem
1186 3227 1235 3280 ba.

148 3298 227 3365 beate,
246 3303 291 3370 qui
312 3301 442 3367 Liparites
470 3302 714 3370 cognominabatur,
734 3316 895 3369 congressus
918 3301 988 3351 inter
1012 3298 1060 3350 bos
1080 3307 1107 3350 et
1125 3298 1235 3350 llunnos

148 3369 215 3423 tortis
233 3374 269 3436 llt,
290 3382 317 3424 et
335 3382 474 3441 postquam
492 3374 536 3424 diu
555 3388 643 3442 pugno
670 3376 758 3426 extitit
776 3388 832 3440 ρετ,
851 3380 985 3440 postremo
1010 3371 1127 3438 oppositi
1146 3372 1235 3421 victo.

147 3443 204 3493 siam
220 3452 398 3511 reportarunt,
421 3452 448 3494 et
467 3444 574 3497 Graccis
593 3446 706 3497 devictis
727 3447 817 3497 vivum
833 3444 975 3511 biparltcm
994 3448 1137 3494 tenuerant
1155 3449 1183 3493 et
1202 3441 1235 3493 acl

148 3515 230 3580 papali
242 3515 388 3583 principem
400 3514 601 3584 (ethnarcbum)
614 3532 689 3568 suum
704 3525 733 3567 ut
748 3517 899 3568 venationis
917 3515 1039 3582 praedam
1065 3511 1180 3580 aliquam
1201 3526 1234 3562 ex

147 3586 256 3638 ursinis
275 3586 450 3638 abduxerunt.
474 3596 585 3639 vocetur
605 3595 692 3639 autem
711 3588 755 3639 hic
776 3586 896 3640 saltnnus
914 3584 1021 3638 Persica
1041 3581 1166 3647 dialecto,
1186 3582 1234 3635 scd

148 3652 190 3704 illc
206 3656 274 3709 bunc
293 3658 388 3710 videns
408 3666 435 3709 et
452 3666 560 3726 gentem
579 3659 636 3710 eius
658 3673 823 3726 cognoscens
848 3654 1066 3725 (praeobtiuabat
1085 3654 1154 3705 enirn
1174 3669 1233 3705 eum

148 3722 370 3781 immobilitatis
389 3730 456 3799 viri)
477 3730 621 3798 quaerebat
640 3745 673 3781 ex
693 3730 754 3793 boc,
774 3729 907 3798 quomodo
925 3727 1029 3778 malem
1048 3733 1168 3778 uteretur
1187 3740 1232 3788 eo,

147 3793 190 3847 ills
208 3808 301 3864 samm,
321 3801 407 3868 regie,
427 3801 527 3869 iaqult3
546 3803 677 3853 utstatim
692 3802 790 3853 misera
809 3800 915 3851 lortuna
934 3797 1005 3849 hunc
1023 3798 1142 3851 sultauus
1161 3795 1232 3847 libe.

147 3877 183 3919 nt
198 3880 223 3922 et
238 3886 285 3938 pro
304 3871 425 3923 omuibus
446 3888 515 3940 quac
534 3874 561 3923 ia
582 3871 655 3924 bello
675 3872 825 3939 perdiderat
843 3868 1018 3937 multiplicent
1037 3867 1233 3922 restitutionem

147 3938 236 3992 donans
258 3942 290 3994 ad
310 3942 425 3996 Graecos
445 3945 481 3994 ita
504 3943 581 3995 simul
608 3944 741 3994 concessit
771 3941 869 3993 abitum
890 3942 1031 3994 admiratus
1051 3942 1101 3994 viri
1120 3953 1232 4007 mugna-

146 4010 278 4064 ainitstem
300 4021 328 4065 et
345 4015 423 4065 animi
444 4014 592 4067 firmitatem
620 4023 647 4072 ct
670 4011 765 4065 volens
792 4027 845 4066 nau
864 4014 977 4066 inlerior
998 4027 1031 4064 co
1057 4027 1118 4063 csse
1136 4010 1164 4061 iu
1190 4008 1232 4060 ls-

147 4082 178 4131 tli
199 4084 335 4137 nobilitate
364 4095 391 4137 et
414 4087 575 4154 integritate.
622 4085 693 4137 bunc
719 4086 801 4153 igitur
828 4085 989 4139 Graecorum
1016 4084 1153 4149 excipiens
1184 4094 1233 4131 scs

146 4148 281 4208 lictoribus
300 4155 416 4225 publicis
435 4174 495 4209 eum
515 4156 703 4210 bonoravit'et
725 4157 802 4209 donis
827 4165 855 4208 et
874 4157 963 4209 verbis
983 4153 1082 4222 ubique
1102 4151 1233 4203 illustrem

145 4225 263 4280 nossem
292 4227 447 4281 habentibus
476 4230 582 4281 ornavit
600 4236 629 4280 ut
653 4242 701 4295 pro
721 4228 823 4282 Graeco
840 4230 953 4295 irnperio
979 4228 1060 4278 vitam
1090 4230 1163 4275 certo
1181 4220 1232 4271 ‹le-

146 4306 286 4352 socraten.
1123 4312 1126 4317 ·
