3222 5000
1152 218 1161 247 t

583 306 790 375 strabonis.
1193 303 1240 373 25

156 476 302 559 ιόραννον,
325 471 545 547 πυκνώσαντες
566 468 625 545 τάς
638 471 776 544 α’σπίδας
799 465 828 533 οἱ
850 468 925 555 περί
943 471 997 535 τόν
1020 473 1167 552 βασιλέα,
1187 468 1245 534 ναί

155 598 200 650 τας
217 597 336 655 αιχμας
361 571 609 654 αντιστὴσαντες,
632 563 715 635 οὕτω
737 568 794 654 τὴν
811 567 928 656 ἔφοδον
948 573 1136 654 έξεδέχοντο,
1158 576 1242 654 βρα-

157 683 211 758 γτίς
226 675 284 754 μέν
299 666 384 748 ’όντες
405 677 460 736 καί
473 673 554 755 μηδὲ
576 670 655 754 πρός
676 668 708 735 τό
734 669 909 737 πολλοστὸν
930 674 984 754 τῆς
998 673 1118 737 ἐκείνου
1143 698 1243 755 στρα-

156 776 212 848 τιός
231 768 459 850 α’ποσιόζοντες,
481 768 509 835 οἶ
533 770 661 845 πλείους
684 771 714 833 δ’
735 772 843 836 αὐτῶν
866 771 1118 853 α’πειροπόλεμοί
1134 795 1166 836 τε
1188 777 1242 838 καί

138 871 317 954 λξόγιιλυδες,
343 873 470 937 πίσυνοι
493 871 527 933 δὲ
556 873 595 957 τῇ
625 868 869 960 α’πστειχιζοόσγγ
903 869 1016 958 τάφρην
1046 875 1244 949 καθεστῶτες

155 972 216 1046 ισός
245 970 425 1053 ἐναντίους·
475 969 639 1055 ἀρθέντων
673 963 729 1034 σόν
757 973 818 1035 τῶν
846 973 984 1055 σημείων
1018 971 1051 1034 αἱ
1083 969 1243 1057 φάλαγγες

155 1071 344 1156 ἀνεφάνησαν
358 1069 549 1154 στοιχηδὸν,
573 1068 686 1150 οἱμὲν
710 1070 984 1156 προπορευόμεναι
1016 1071 1071 1156 τῆς
1103 1072 1244 1136 α’ποστα-

154 1173 227 1255 ταιῆς
255 1174 453 1256 παρουσίας,
487 1170 520 1235 αἱ
544 1173 579 1236 δέ
601 1173 661 1236 τῶν
686 1166 824 1255 κεράτων
845 1170 1050 1257 ἐξηρτημένοι
1073 1172 1129 1237 καί
1148 1162 1242 1237 όλλυι

153 1273 198 1354 τῆς
227 1270 381 1358 υδραγίας
411 1274 579 1355 έχόμεναι,
612 1274 671 1349 ἕως
701 1268 846 1337 όπέναντι
877 1274 932 1356 τῆς
971 1272 1097 1359 τάφρου
1129 1296 1243 1338 συντε-

125 1376 293 1456 Ιδισγμένας
332 1374 391 1448 τὰς
433 1372 585 1455 δυνάμεις
618 1369 802 1457 ἐστήσαντο.
857 1366 925 1438 εἶτα
954 1375 1043 1456 σιγῆς
1075 1376 1243 1460 γενομένης

153 1472 369 1555 ἀκροβολισμοὶ
400 1471 435 1539 τό
473 1476 599 1557 πρῶτον
633 1476 792 1557 ἐγίνοντο,
826 1471 880 1538 καί
916 1476 1090 1539 πελτασταί
1118 1474 1243 1559 σπορά-

155 1574 200 1648 δες
219 1575 250 1651 έξ
270 1566 421 1656 ἑκατέρου
448 1578 569 1658 μέρους
597 1570 744 1655 α’λλιξλοις
772 1576 976 1654 συνέπιπτον,
1004 1571 1060 1636 ναί
1081 1568 1167 1639 οότισ
1188 1578 1244 1658 τῆς

152 1675 245 1757 μάχης
275 1671 356 1736 κατά
379 1671 494 1758 μικρὸν
522 1673 738 1757 άνοιπτομένης
767 1671 897 1738 ἱππόται
919 1682 985 1752 τοῖς
1012 1674 1070 1738 τοῦ
1087 1678 1244 1755 βασιλέως

151 1773 244 1849 πεζοῖς
273 1778 340 1847 τοῖς
361 1772 448 1849 όκτός
479 1775 534 1838 τοῦ
560 1775 704 1859 χάρακος
735 1774 979 1859 προσπηδὴσασι
1010 1772 1068 1849 τάς
1086 1779 1244 1856 σαρίσοας

122 1872 305 1957 ιόέπέφερον.
357 1866 427 1937 είτα
453 1874 551 1959 μοῖρά
574 1898 621 1950 τις
651 1876 871 1959 ἀποτμηθεῖσα
905 1877 960 1940 καί
980 1883 1045 1950 τοῖς
1062 1877 1243 1959 Ἀγαρηνοῖς

149 1972 197 2036 έπί
214 1976 362 2052 μέτωπον
382 1980 593 2059 προαχθεῖσα,
615 1978 670 2039 καί
691 1972 784 2055 δόξαν
806 1980 1032 2060 παρασχομένη
1047 1977 1163 2062 φυγῆς,
1187 1977 1243 2061 τῆς

150 2072 255 2146 οἰκείας
275 2073 420 2151 στάσεως
442 2074 483 2151 ῶς
504 2074 674 2151 διάκοντας
696 2074 814 2150 αότοδς
825 2073 1060 2160 μετεστήσατο·
1107 2079 1162 2140 καί
1183 2099 1243 2140 τα·

146 2174 219 2253 χέας
233 2179 487 2260 μεταστρέψασα
518 2177 592 2253 τοός
614 2174 772 2263 ῥυτῆρας,
793 2180 838 2251 είς
867 2178 966 2257 μέσον
986 2178 1116 2252 τοάτους
1134 2180 1243 2241 συνίει·

148 2276 233 2354 issue,
255 2273 314 2341 καί
335 2272 431 2362 φόνον
452 2281 571 2344 τούτων
593 2280 649 2343 ουίι
667 2280 882 2362 ιυάρίθμητον
893 2273 1132 2360 κατειργάσατο.
1175 2276 1247 2341 ἕπετ’

118 2373 176 2436 etti
196 2379 250 2439 καί
269 2378 318 2450 είς
339 2374 395 2460 τήν
416 2378 565 2464 τοιαύτην
579 2380 739 2466 έπιφορόιν
760 2372 940 2462 ἐποιήσατο,
965 2377 1116 2460 σύνθημα
1135 2379 1243 2459 γέγονε
1333 2377 1341 2383 ’

147 2484 202 2549 τοῖς
215 2471 332 2542 ἑστῶσι
352 2484 610 2563 συντεταγμένοις
625 2479 780 2559 ἀλαλάξαι
795 2481 983 2558 πολεμικῶς,
1002 2473 1058 2541 καί
1068 2474 1244 2542 σαλπισάν-

145 2598 197 2640 τυν
218 2580 286 2642 τῶν
309 2583 490 2645 σαλπιστῶν
521 2582 667 2661 ου’τοβοεί
688 2603 719 2644 τε
750 2582 793 2667 τῷ
810 2577 931 2663 χάρακι
953 2580 1160 2663 ἐπιφέρονται
1190 2579 1245 2642 καί

147 2678 247 2743 τοότον
272 2677 424 2763 αἱροῦσιν
443 2683 476 2757 t}
498 2681 618 2767 έφόδοσ
630 2731 639 2761 ,
663 2678 953 2765 περιστοιχίσαντες
976 2678 1065 2763 δίκην
1084 2679 1244 2759 μελισσῶν

209 2841 235 2892 5.
255 2838 445 2913 defecerim?
552 2842 595 2895 20.
616 2843 668 2913 stc]
690 2856 724 2895 an
743 2839 895 2904 ιλσιεόθιςλ

144 3011 205 3076 regii
225 3019 254 3061 at
273 3010 404 3078 cuspides
423 3019 517 3064 contra
534 3019 667 3079 tenentes,
687 3014 725 3065 ita
739 3014 865 3080 impeturn
885 3013 1064 3081 excipiebant,
1083 3014 1162 3081 pauci
1181 3014 1243 3082 qui.

145 3080 195 3132 dem
213 3091 298 3151 atque
319 3098 355 3133 ne
375 3091 467 3135 eontra
487 3084 618 3136 minimum
644 3086 749 3153 quidem
775 3093 876 3152 partam
895 3087 1029 3138 exereitus
1048 3085 1122 3137 iilius
1141 3086 1243 3136 servari

143 3153 270 3217 radentes,
292 3153 388 3221 pluras
407 3163 494 3206 autern
514 3170 605 3207 eorum
623 3156 689 3208 belli
714 3158 830 3224 imperiti
856 3165 883 3208 et
901 3158 1030 3219 advenae,
1051 3157 1097 3207 sed
1117 3155 1177 3206 freti
1196 3169 1242 3205 ar.

143 3233 212 3275 rente
232 3227 311 3277 iussa
338 3227 473 3278 adstantes
498 3234 589 3278 contra
619 3227 725 3291 hostes3
750 3228 862 3280 sublatis
882 3227 963 3295 igitur
990 3226 1074 3293 signis
1093 3223 1241 3292 phalanges

142 3305 322 3363 apparuerunt
342 3297 496 3361 instructae,
515 3297 585 3348 aliae
605 3307 762 3351 anteeuntes
782 3299 884 3366 copiam
911 3297 944 3347 ad
962 3296 1141 3349 defectionem
1160 3310 1242 3362 para.

141 3374 194 3430 αιι,
215 3369 291 3421 aliae
313 3370 475 3420 coniunctae
495 3384 553 3420 cum
573 3371 713 3435 cornibus,
734 3379 761 3421 et
777 3370 847 3422 uliae
867 3368 966 3420 ultimis
985 3367 1170 3429 adhaerentes,
1190 3366 1241 3417 de-

141 3451 183 3487 ses
208 3448 274 3491 ante
304 3440 405 3490 fossam
433 3441 573 3492 instructas
604 3442 675 3493 vires
701 3443 908 3504 constituerunt,
936 3448 989 3492 turn
1013 3437 1122 3490 silentio
1147 3445 1240 3489 coorto
1314 3445 1321 3453 '

140 3523 237 3578 pugnae
258 3512 370 3562 eminus
388 3512 524 3562 institutae
545 3513 655 3579 primum
674 3513 787 3575 fiebant,
816 3522 842 3565 et
860 3509 990 3579 peltastae
1009 3509 1093 3577 sparsi
1105 3524 1148 3575 xex
1166 3517 1241 3561 utra.

140 3595 183 3645 que
201 3591 282 3648 parte
303 3598 337 3633 se
356 3582 473 3633 invicem
492 3584 728 3650 aggrediebantur,
750 3593 830 3651 atque
849 3585 887 3635 sie
907 3598 964 3634 cum
984 3595 1072 3648 pugna
1092 3595 1178 3647 paene
1196 3582 1241 3632 in.

141 3652 307 3715 tenderetur,
331 3654 437 3720 equites
456 3652 598 3719 peditibus·
609 3658 680 3723 regis
706 3661 780 3706 e'xtra
804 3654 902 3705 vallum
923 3652 1039 3720 egressis
1066 3652 1177 3703 sarissas
1196 3653 1240 3702 in.

139 3721 264 3787 ferebant,
288 3733 349 3775 turn
369 3738 431 3790 pars
456 3725 583 3790 quaedam
609 3727 694 3777 divisa
722 3736 748 3777 et
766 3725 897 3794 Agareuis
920 3725 947 3774 in
973 3723 1060 3774 fronte
1085 3723 1197 3776 adducta
1215 3731 1242 3776 et

138 3795 249 3859 spetiem
269 3795 411 3862 praebens
432 3793 512 3862 fugae
531 3797 651 3850 internae
671 3797 809 3848 seditionis
830 3795 904 3863 quasi
924 3802 1051 3863 urgentes
1072 3811 1117 3845 eos
1137 3796 1240 3863 eonsti-

139 3866 188 3930 trit,
208 3875 236 3918 et
257 3866 396 3918 celeriter
416 3874 522 3919 vertens
543 3867 618 3919 irena
643 3868 743 3920 medios
772 3866 820 3918 bes
840 3865 957 3929 inclusit,
978 3874 1005 3916 et
1020 3867 1127 3917 eaedem
1147 3865 1239 3918 barum

136 3937 362 3990 innumerabilem
382 3936 508 3988 confecit.
546 3956 604 3990 eum
623 3948 710 3990 autem
731 3939 808 3989 etiarn
827 3937 859 3988 ad
878 3937 949 3988 bunc
968 3936 1047 3987 talem
1067 3937 1192 4004 impetum
1211 3953 1241 3987 se

138 4010 304 4076 accingeret,
337 4009 444 4074 signum
462 4009 549 4059 datum
578 4019 618 4063 est
643 4010 777 4062 instructis
803 4009 847 4077 qui
875 4008 1013 4060 adstabant
1041 4018 1070 4059 ut
1096 4008 1240 4058 clamarent
1273 4032 1279 4041 ·

136 4077 233 4132 nilitnri
254 4080 390 4132 modoet
410 4094 467 4128 euru
482 4081 642 4133 cecinissent
660 4081 846 4133 buccinatores
865 4081 949 4148 primo
963 4079 1079 4130 clamere
1099 4078 1171 4129 salio
1191 4078 1239 4128 ad-

138 4149 267 4203 feruntur:
290 4159 380 4217 atque
400 4148 450 4200 hee
470 4149 567 4202 tollunt
587 4153 670 4219 primo
688 4155 787 4217 impetu
807 4153 945 4220 cingentes
964 4152 1051 4217 apium
1065 4152 1147 4200 instar
1165 4163 1238 4200 sum-

137 4234 194 4275 nam
212 4237 349 4295 murum,
378 4228 405 4272 et
423 4222 538 4288 ingressi
563 4226 633 4277 intus
657 4224 754 4277 multus
779 4224 910 4280 necabant
935 4232 962 4276 et
981 4221 1117 4276 calcabant
1137 4232 1237 4280 eorum,
