3222 5000
351 324 402 401 60
658 329 873 399 uictimis
903 330 1163 397 arantium

352 493 450 579 μόνον
473 496 544 562 ἄλλ’
568 486 629 579 ἤδη
644 497 700 559 καί
719 503 783 570 τοῖς
803 492 991 580 βαρβάροις,
1013 495 1057 573 ὥς
1071 494 1161 582 μάχη
1177 492 1377 581 κεκρατηκοός
1397 495 1462 558 τοῦ

353 599 543 682 κρατοῦντος
575 595 632 659 καί
664 594 815 685 φασγάνῳ
839 599 992 680 τοσαύτην
1025 595 1129 680 οίρχὴν
1151 594 1439 679 δυνηθείςπεριζ’
1575 582 1576 657 i

353 701 485 762 σασθαι.
529 704 792 782 στηλογραφεῖται
816 700 852 762 δὲ
867 697 923 762 καί
940 699 1139 779 ἐσπασμένον
1161 694 1242 780 ἔχων
1265 696 1321 760 τόν
1343 695 1462 761 άκινά-

353 824 410 883 ιιην
430 802 475 889 τῷ
494 801 606 887 κη’νσιρ,
625 801 680 863 κοί
693 793 778 863 οὕτω
802 801 857 883 τῆς
877 802 1042 879 βασιλείας
1062 802 1118 862 καί
1129 801 1191 863 τῶν
1211 799 1326 883 ταύτης
1350 797 1461 879 α’πάρ-

351 922 444 982 χτται
465 903 618 982 πράξεων.
671 902 853 985 φιλοτίμοις
876 891 932 962 orio
955 896 1030 975 τοός
1057 903 1297 983 συναραμένους
1319 902 1374 962 καί
1396 904 1488 962 συ-5
1575 954 1576 1027 η

353 1002 627 1082 ναγωνισαμένους
666 999 745 1082 πρὸς
776 997 812 1063 τό
851 996 1045 1083 κατόρθωμα
1077 998 1237 1082 κοσμήσας
1264 1006 1371 1079 τιμαῖς
1404 1001 1464 1062 καί

354 1097 545 1187 φροντιστὰς
566 1098 701 1174 πολλοὺς
722 1103 785 1164 τῶν
806 1090 968 1182 δημοσίων
988 1099 1161 1177 α’τιοδείξας
1182 1097 1356 1180 συλλόγων,
1377 1091 1462 1162 οὕτω

305 1270 315 1285 ⁸
354 1200 408 1266 καί
418 1197 451 1265 τό
468 1198 638 1284 δημοτικόν
650 1204 705 1284 τῆς
717 1199 1040 1285 προσηκοόσηςτιμῆς
1053 1202 1145 1278 α’ξιοΐ.
1159 1198 1219 1280 πρό
1233 1200 1269 1262 δὲ
1282 1189 1464 1263 τῶνᾶλλων
1509 1268 1513 1281 ,

353 1302 434 1364 πολά
455 1327 486 1384 τι
517 1304 619 1382 νόμων
641 1302 749 1377 αίόσῦς
770 1304 812 1388 τῷ
842 1299 1037 1389 πατριάρχη,
1059 1298 1113 1365 ἴσα
1135 1299 1191 1364 καί
1207 1301 1330 1380 πατέρα
1350 1294 1463 1379 ἐτίμα,

355 1397 408 1463 καί
435 1398 510 1473 τούς
539 1398 654 1465 τούτου
683 1399 835 1484 α’νεφιοός
863 1410 932 1477 ταῖς
960 1401 1099 1482 πράτοις
1125 1402 1228 1477 α’ξίαις
1252 1401 1306 1462 καί
1326 1396 1463 1481 πράξεσι
1475 1408 1507 1461 10

355 1503 582 1584 περιβλέπτους
602 1499 828 1583 ιίποδεδειχιός.
883 1506 937 1566 καί
970 1502 1007 1566 τά
1030 1510 1094 1578 τοῖς
1114 1506 1292 1583 βασιλικοῖς
1324 1494 1464 1574 δικαίοις

355 1596 514 1683 προσόντα
537 1596 623 1685 παρά
647 1586 708 1665 τοόν
725 1600 894 1685 ἱερατικάν
910 1605 1018 1667 δίκαια
1040 1607 1077 1691 τῇ
1094 1601 1216 1689 μεγάλη
1236 1605 1383 1689 ἐκκλησίᾳ
1401 1625 1463 1664 κα·

355 1702 477 1783 despui,
504 1705 559 1766 καί
588 1700 707 1766 τούτων
733 1702 898 1784 α’λλοτριοῖ
914 1704 1098 1769 παντάπασι
1131 1701 1166 1769 τό
1189 1699 1356 1783 παλάτιον,
1377 1699 1463 1766 cdere

355 1798 430 1882 μήτ’
448 1802 502 1864 ἐπί
522 1803 579 1884 τῆς
603 1802 780 1893 οἰκονομίας
799 1803 878 1888 μήτε
907 1808 961 1888 τῆς
983 1808 1043 1870 τάν
1071 1802 1166 1890 ἱερῶν
1188 1809 1358 1889 κειμηλίων
1380 1826 1465 1887 προ-

356 1901 444 1975 νοιάς
472 1905 527 1965 καί
555 1904 754 1984 προστασίας
786 1903 874 1985 παρά
903 1910 1059 1987 βασιλέως
1086 1901 1154 1970 τινά
1184 1906 1465 1993 προχειρίζεσθαι,
1477 1916 1509 1968 15

357 1996 439 2062 α’λλά
460 2002 514 2084 τῆς
531 2008 587 2065 τοῦ
609 2003 811 2085 πατριάρχου
826 2004 972 2082 ἐξουσίας
994 2008 1155 2090 ἠρτῆσθαι
1177 2008 1232 2068 καί
1250 2003 1307 2087 τὴν
1326 2009 1466 2089 προχεί-

359 2121 444 2181 ρισιν
466 2104 529 2164 τοῖν
550 2100 726 2185 προσοίπων
747 2102 803 2167 καί
822 2102 877 2189 την
905 2108 968 2169 τεόν
992 2103 1186 2188 πραγμάτων
1211 2106 1373 2188 διοίκησιν.

459 2198 529 2264 Καί
549 2199 825 2286 καταστησάμενος
847 2202 903 2290 τὴν
926 2203 1032 2289 ἀρχὴν
1053 2208 1227 2287 α’ποβλέπει
1243 2211 1298 2270 καί
1318 2204 1400 2288 πρός
1427 2207 1466 2272 τό

358 2301 421 2364 τάν
448 2298 666 2382 άναλωμάτων
702 2306 759 2388 τῆς
792 2309 957 2387 βασιλείας
990 2305 1046 2372 καί
1079 2309 1138 2371 τοῦ
1180 2307 1371 2387 ὄψωνισμοῦ
1400 2313 1468 2372 τῶν

358 2403 563 2484 στρατιωτῶν
584 2407 729 2485 μέγεθος,
751 2408 807 2469 καί
827 2405 870 2481 σός
892 2407 1022 2486 πόλεμον
1045 2404 1146 2496 τούτῳ
1170 2407 1357 2492 πρόκεινται
1381 2413 1513 2471 πολ-λθ

360 2498 417 2585 λη“ν
439 2502 584 2586 δαπάνην
605 2506 790 2588 ἐφέλκοντες
820 2504 874 2571 διά
905 2506 938 2571 τό
969 2504 1043 2584 τοάς
1074 2510 1233 2583 ἐναντίους
1265 2512 1465 2591 κατισχῦσαι

357 2601 413 2662 καί
431 2600 634 2684 πανταχόθεν
650 2604 898 2689 κατεπαίρεσθαι
915 2613 979 2674 τῶν
995 2600 1173 2689 Ῥωμάίων.
1217 2612 1272 2674 καί
1287 2608 1468 2693 χρημάτων

360 2697 490 2764 δεῖσθαι
521 2700 690 2786 σκοπήσας,
724 2694 856 2789 κοίτην
876 2707 999 2773 τούτων
1031 2708 1186 2793 εὐπορίαν
1217 2714 1366 2793 πλείστην
1387 2702 1469 2794 όσην

432 2850 472 2904 16·
492 2857 680 2928 προχείρησιν
699 2857 730 2912 (λ.

365 3023 569 3091 imperatorem,
597 3036 623 3080 et
642 3027 731 3098 gladio
758 3039 857 3085 tantum
883 3034 1021 3102 imperium
1040 3036 1171 3103 potuisset
1188 3034 1238 3086 sibi
1258 3035 1419 3102 accingeret
1439 3038 1470 3089 ia

362 3094 485 3147 columna
507 3097 659 3151 inscribitur
679 3103 756 3154 etiarn
774 3105 898 3157 nudatum
918 3106 1017 3157 habeus
1037 3107 1154 3176 gladium
1173 3122 1189 3158 a
1207 3122 1299 3168 censu,
1311 3114 1338 3157 et
1357 3108 1392 3159 ita
1412 3108 1471 3159 im.

362 3168 464 3234 perium
485 3176 512 3218 et
531 3172 587 3222 eius
606 3188 649 3225 res
669 3174 780 3242 insipit:
800 3177 894 3244 ampiis
912 3179 994 3245 igitur
1015 3195 1071 3242 eos,
1092 3179 1135 3246 qui
1157 3179 1181 3228 ei
1202 3177 1324 3229 auxiliati
1344 3188 1419 3229 erant
1443 3188 1473 3230 et

362 3254 420 3289 eum
443 3254 475 3289 eo
496 3250 664 3294 certaverant
683 3245 714 3296 ad
733 3262 788 3297 rem
808 3246 876 3298 bene
895 3250 1039 3317 gerendam
1059 3265 1157 3301 ornans
1177 3249 1333 3313 honoribus,
1354 3258 1381 3299 et
1399 3266 1471 3316 pro.

363 3318 498 3361 curatores
523 3312 620 3365 multos
646 3316 812 3381 publicorum
838 3321 980 3371 instituens
1006 3328 1208 3381 conventuum,
1239 3322 1275 3370 ita
1301 3321 1381 3371 etiam
1410 3338 1472 3372 rem

344 3378 494 3444 -pubiieam
519 3392 579 3448 apto
607 3385 709 3437 honore
734 3389 872 3456 dignatur:
892 3400 953 3442 ante
971 3400 1076 3443 eeteros
1096 3400 1184 3442 autem
1204 3391 1314 3442 muitum
1335 3392 1396 3460 quid
1415 3394 1472 3443 tri.

360 3448 444 3500 bueus
463 3457 631 3506 reverentino
649 3458 824 3523 patriarchae,
845 3477 931 3530 aeque
950 3478 982 3513 ao
1000 3470 1100 3529 patrem
1116 3461 1262 3514 honorabat
1283 3478 1352 3526 eum,
1364 3472 1391 3513 et
1410 3465 1473 3514 eins

362 3520 455 3602 athaes
480 3528 586 3576 summis
611 3528 783 3595 dignitatibus
809 3539 836 3581 et
853 3532 933 3584 rebus
959 3532 1078 3586 illustres
1103 3533 1235 3597 reddens,
1267 3541 1294 3584 et
1319 3549 1387 3602 quae
1408 3535 1472 3601 regi

364 3598 431 3641 iusta
451 3605 540 3646 essent
563 3613 595 3647 ex
614 3601 696 3651 saeris
715 3602 784 3652 iusta
803 3617 915 3670 magnae
935 3605 1070 3656 eeclesiae
1090 3605 1211 3667 dedicat,
1231 3612 1311 3673 atque
1334 3605 1375 3656 his
1394 3605 1471 3656 aiic-

362 3667 408 3708 nat
425 3662 549 3726 palatium
570 3668 605 3719 ita
627 3679 655 3721 ut
673 3686 762 3739 neque
781 3674 808 3723 in
827 3676 1056 3727 administratione
1074 3693 1163 3744 neque
1183 3676 1354 3743 providentia
1372 3692 1471 3729 sacro.

365 3744 420 3779 rum
449 3731 631 3818 thesaurorum
661 3751 687 3792 et
710 3743 905 3811 gubernatione
931 3763 964 3806 eir
988 3744 1072 3815 regiis
1094 3751 1232 3816 quisquam
1253 3747 1304 3797 boe
1323 3755 1470 3811 tractaret,

363 3798 465 3919 :teganus
483 3810 647 3868 patriarchae
661 3822 794 3879 potestate
808 3818 937 3883 penderet
956 3826 983 3868 et
1002 3821 1104 3871 creatio
1122 3834 1294 3886 personarum
1315 3819 1471 3870 etadmiai.

475 3887 569 3926 rerum.

392 4009 398 4021 ο
471 3940 504 4022 iit
523 3955 658 4031 postquam
686 3959 822 4010 constituit
849 3961 985 4027 imperium
1006 3963 1203 4029 spectatetiam
1222 3972 1324 4015 sumtus
1343 3964 1422 4029 regni
1444 3970 1476 4013 et

365 4010 555 4096 ⁸¹¹P⁰¹²d¹⁰runt
574 4018 686 4077 militum
705 4030 920 4095 magnitudinem,
933 4042 960 4083 et
977 4032 1050 4084 belia
1069 4033 1133 4085 huic
1143 4034 1243 4085 instare
1262 4033 1374 4085 muitum
1393 4049 1474 4084 sum.

365 4087 419 4129 ”¹¹¹²
438 4093 590 4150 ¹¹¹⁰V⁰¹¹²¹⁸s
610 4092 681 4156 quod
701 4092 791 4148 hostes
814 4100 895 4153 vaiidi
916 4113 1005 4155 esseut
1024 4113 1050 4155 et
1066 4105 1185 4172 undique
1204 4112 1380 4173 assurgerent
1399 4121 1475 4156 con.

366 4157 406 4232 tra
426 4149 561 4237 Graecos,
588 4174 696 4245 eosque*
708 4164 874 4222 iacuitatibus
894 4189 988 4226 carere
1006 4177 1222 4226 animadvertens
1243 4184 1270 4225 et
1291 4176 1476 4227 hornotino.

370 4235 439 4286 pram
464 4238 600 4279 maximam
625 4235 805 4289 rneritahiiem
830 4252 970 4310 reputans,
997 4248 1089 4315 granis
1119 4247 1203 4301 iaetus
1232 4255 1272 4299 est
1292 4245 1477 4316 vectigalium
