3182 4986
617 359 824 430 merom.
1199 362 1269 435 tar

161 525 260 607 χείας
278 523 371 587 δονκί
390 523 434 610 spi
448 522 672 610 Χατατονρίιρ,
695 522 790 606 ω’νδρί
804 525 935 612 γενναίρι
955 522 1012 589 καί
1031 524 1130 590 πολλά
1152 527 1274 591 dardae·

165 627 295 712 ξαμίνιρ
318 626 374 704 τῆς
394 621 511 705 άρετῆς
541 622 643 686 ον’τοῦ
663 619 703 687 τά
726 628 934 707 γνωρίσματα
957 627 1134 710 πρότερον,
1156 629 1275 711 προδε-

165 725 294 813 ξαμίνρι
322 725 357 788 δὲ
380 718 468 805 παρά
490 725 550 785 τοῦ
577 726 733 803 βασιλέως
755 725 801 798 είς
824 726 1064 806 Μαψοοεστίαν
1095 724 1282 810 α’παντῆσαι

166 826 213 902 εδς
236 821 333 907 τάχος
363 825 420 887 κατ’
446 828 512 896 τοῖς
545 818 697 907 Τοάρκοις
728 825 849 890 ἐκεῖθεν
882 823 1097 908 παροδεύουσι
1117 831 1275 909 συμμίξαι

134 926 367 1005 ὀπολεμικοῖς,
392 915 447 986 άτε
470 924 526 986 καί
545 923 608 986 τάν
629 924 662 988 ἐν
680 930 745 998 τοῖς
774 922 908 1007 ὀρεινοῖς
926 925 980 1008 τῆς
1005 927 1194 1001 Σελευκείας
1215 950 1276 991 κα·
1343 924 1349 933 ’

165 1024 358 1093 τοικοίντων
373 1021 548 1106 Ἀρμενίων
571 1024 858 1109 προδιορισθὲντων
880 1026 913 1090 ἐν
927 1031 990 1100 τοῖς
1009 1031 1177 1101 στενωποῖς
1199 1025 1276 1102 τούς

172 1124 337 1209 Τοάρκονς
358 1123 576 1205 καταδραμεῖν
596 1126 652 1187 κατ’
674 1126 819 1188 κακῶσαι
840 1120 921 1187 κατά
945 1121 979 1187 τά
1006 1125 1179 1208 ἐγχωροῦν.
1222 1123 1276 1189 καί

168 1222 232 1308 γάρ
264 1219 322 1305 την
354 1218 507 1286 ἐπάνοδον
539 1224 703 1299 δείσαντες
740 1219 771 1288 οἱ
793 1226 940 1305 πολέμιοι
975 1219 1028 1288 διά
1052 1220 1087 1288 τά
1111 1227 1274 1290 πυθέσθαι

168 1321 244 1407 περί
275 1325 332 1405 τῆς
350 1325 411 1386 τοῦ
432 1326 591 1404 βασιλέως
613 1325 802 1408 ἐπιδημίας,
838 1321 893 1388 διά
926 1325 989 1388 τάν
1011 1327 1068 1408 τῆς
1088 1327 1275 1402 Σελευκείας

120 1432 159 1485 1⁰
168 1425 258 1510 σ’ριάν
280 1425 522 1507 ἐπορεύθησαν,
557 1427 613 1488 καί
642 1428 687 1499 είς
708 1427 764 1508 την
791 1427 846 1510 τῆς
870 1427 998 1509 Ταρσοῦ
1020 1426 1155 1491 πεδιάδα
1175 1450 1275 1511 κατη-

166 1528 392 1609 κοντίσθησαν.
442 1520 521 1589 ἔνθα
544 1520 632 1607 παρά
655 1525 719 1588 τῶν
738 1522 914 1610 Ἀρμενίων
945 1529 1197 1611 σογκορηθίντες
1217 1522 1275 1612 τὴν

167 1621 424 1710 λαφαραγωγιάν
446 1624 551 1690 πᾶσαν
571 1620 688 1707 σχεδάν
712 1622 881 1707 ἀπέβαλον.
926 1625 1020 1691 edroi
1039 1626 1075 1690 dd
1094 1626 1274 1691 διασωθέν-

126 1773 135 1784 .
166 1747 220 1800 τες
238 1726 416 1808 μοχθηρῶς
440 1716 595 1788 ἐπίτεινον
617 1722 672 1789 τδν
693 1724 833 1808 δρόμον,
856 1728 908 1813 ἐφ’
929 1717 955 1816 ᾧ
976 1727 1115 1790 διελθεῖν
1137 1727 1180 1790 δι’
1202 1721 1277 1812 ὅλης

164 1827 224 1907 τῆς
250 1827 400 1900 Κιλικίας
420 1824 476 1888 καί
494 1826 538 1898 τίς
558 1821 596 1888 τά
618 1825 674 1889 rori
698 1826 811 1891 Χάλεπ
838 1832 1013 1910 προσμῖξαι
1037 1819 1122 1910 άρια.
1163 1850 1277 1912 προεν-

122 1921 318 2007 εεταχάντες
347 1926 377 1989 δ’
403 1924 551 2008 α’λλίλοις
585 1923 618 2017 οἳ
633 1949 667 1990 τε
698 1924 786 2010 παρά
814 1931 872 1991 τοῦ
894 1930 1052 2009 βασιλέως
1075 1931 1276 2014 πεμφθέντες

165 2029 226 2090 καί
243 2023 260 2089 ὃ
280 2026 337 2110 τῆς
357 2024 552 2108 Ἀντιοχείας
575 2026 711 2112 στρατὸς
730 2029 811 2110 μετά
835 2032 892 2092 τοῦ
909 2029 1104 2112 δηλωθδντος
1123 2023 1276 2112 ἧγεμάνος
1389 2092 1393 2099 ,

49 2174 58 2189 .
165 2128 287 2207 αδτοῖν,
308 2123 417 2210 ὲάρων
439 2124 515 2202 τοάς
541 2124 703 2204 ἐναντίους
724 2126 804 2193 κατά
826 2152 913 2204 τινας
943 2129 1091 2213 μετριόας
1114 2127 1275 2212 άριθμοάς

164 2225 357 2311 προϊόντας,
383 2225 478 2290 ον’τοί
503 2225 581 2290 κατά
604 2223 659 2309 τὴν
688 2225 780 2292 πόλιν
803 2230 1035 2309 Μοψοοεστίας
1066 2228 1177 2303 αάτοῖς
1197 2231 1276 2315 ὀφε-

168 2327 349 2407 δρεάοντες.
403 2330 570 2409 προέμενοι
594 2329 629 2391 δὲ
650 2325 705 2392 τὸν
728 2326 840 2411 καιρόν
868 2328 923 2412 τῆς
952 2330 997 2403 εἰς
1020 2325 1138 2401 adrosis
1160 2329 1274 2392 ἐπιθί·

118 2441 255 2503 μοσεεος
276 2422 437 2512 προφάσει
459 2427 516 2491 τοῦ
535 2426 579 2511 μὴ
600 2424 763 2510 σποράδας
786 2420 877 2504 ὄντας
898 2424 1014 2502 αάτοάς
1036 2428 1275 2510 διασκεδασθῆ-

166 2550 225 2591 ναι
259 2526 433 2609 ποιήσωσι,
465 2530 521 2592 καί
559 2527 795 2614 περιμείναντες
825 2529 884 2604 ἓως
913 2521 954 2591 άν
984 2524 1039 2592 ἐπὶ
1072 2530 1275 2611 παρεμβολῆς

168 2627 393 2712 άθροιοθῶσι,
423 2630 561 2713 μεγάλης
589 2632 675 2713 νίκης
702 2631 758 2693 καί
778 2630 966 2714 στρατηγίας
999 2629 1165 2710 α’πίτσχον.
1207 2650 1274 2708 μα-

170 2725 285 2803 θόντες
307 2728 366 2814 γάρ
393 2725 423 2793 οἱ
445 2733 589 2810 πολέμιοι
610 2731 642 2809 ἐξ
663 2725 848 2797 ἑαλωκότων
867 2731 961 2795 τινάν
982 2727 1036 2815 τὴν
1052 2730 1098 2803 εἰς
1113 2730 1276 2812 Mapour-

168 2828 267 2893 στίαν
286 2830 349 2893 τάν
370 2826 774 2919 Ῥωμαίωνσονάθροισιν,
794 2833 876 2916 μηδὲ
898 2828 1015 2919 μικράν
1037 2830 1276 2917 ίγχρονίσαντες

245 3002 271 3055 9.
291 3005 458 3061 σελιωιιίων
478 3005 508 3059 c.

169 3184 326 3259 retardari
345 3184 505 3237 Antiochiae
528 3185 692 3252 chaniano,
712 3188 771 3238 viro
787 3186 871 3238 nobili
895 3186 985 3255 etqui
1013 3185 1095 3237 muita
1120 3187 1274 3239 ostenderat

170 3258 281 3310 virtutis
299 3271 363 3307 suae
380 3258 457 3326 signs
476 3265 554 3310 antea
574 3266 601 3310 et
619 3261 707 3310 iussus
727 3266 784 3309 crat
802 3265 880 3309 antea
898 3273 912 3308 a
932 3272 997 3326 rege
1016 3257 1204 3323 mopsuestiam
1223 3257 1274 3315 ad.

169 3330 268 3381 venire
288 3343 364 3395 quarn
382 3327 523 3381 celerrime
542 3338 569 3381 et
584 3346 642 3381 cunr
654 3330 745 3382 Turcis
763 3330 825 3381 inde
845 3324 1050 3396 procedentibus
1064 3343 1155 3379 manus
1176 3342 1275 3379 conse-

169 3416 234 3452 rere
252 3398 337 3462 beiio,
357 3415 414 3449 cum
434 3402 513 3452 etiam
522 3402 655 3453 Armeniis
676 3403 702 3453 in
722 3400 854 3452 montibus
868 3398 1010 3453 Seleuciae
1028 3398 1207 3452 habitantibus
1224 3415 1276 3450 en-

170 3479 218 3522 tes
236 3472 392 3537 imperatum
412 3479 493 3536 esset,
512 3480 541 3523 ut
559 3474 586 3525 in
607 3475 737 3542 augustiis
756 3472 852 3534 Turess
871 3472 1082 3542 aggrederentur
1101 3480 1128 3523 et
1146 3475 1277 3522 vexarent

173 3558 252 3610 quarn
272 3548 384 3608 possent
402 3544 524 3594 maxime.
563 3546 660 3599 etenim
679 3547 730 3596 iter
751 3546 831 3596 veriti
852 3544 941 3595 hostes
970 3558 1028 3593 cnm
1052 3541 1220 3593 audivissent
1242 3541 1276 3592 de

175 3614 250 3681 regis
283 3612 452 3680 proiectione
477 3630 525 3681 per
553 3614 695 3667 Seleuciae
722 3625 824 3668 montes
850 3614 963 3683 proiecti
989 3620 1063 3676 sunt,
1095 3621 1122 3664 et
1149 3613 1176 3663 in
1204 3611 1276 3664 Tarsi

173 3697 267 3750 canapo
287 3683 507 3749 conficiebantur,
522 3687 567 3738 ubi
588 3687 620 3738 ab
629 3689 762 3741 Armeniis
775 3686 935 3754 deprehensi
949 3684 1071 3751 praedam
1090 3698 1193 3737 omnem
1218 3684 1276 3735 iero

173 3757 336 3807 amiserunt:
362 3757 413 3822 ipsi
432 3765 519 3809 autem
538 3761 637 3810 servati
657 3775 738 3827 segre
750 3756 978 3826 persequebantur
989 3770 1103 3819 cursum,
1114 3758 1199 3809 donec
1211 3771 1276 3825 per-

173 3826 301 3878 venirent
320 3842 369 3893 per
381 3832 461 3878 totam
481 3828 602 3882 Ciliciam
623 3838 650 3882 ot
667 3831 912 3898 appropinquarent
931 3825 1043 3893 Chaiepi
1065 3828 1169 3880 finibus.
1208 3843 1276 3880 con-

173 3899 318 3950 venientes
337 3905 424 3948 autem
443 3900 558 3951 invicem
578 3902 668 3969 etqui
687 3917 702 3952 a
721 3916 786 3970 rege
805 3899 878 3949 missi
898 3906 973 3949 erant
983 3905 1009 3948 et
1024 3899 1214 3951 Antiochensis
1225 3914 1281 3955 ομ,

175 3970 275 4021 arcitus
295 3984 354 4019 cum
373 3971 529 4022 renunciato
547 3973 615 4025 dnee
635 3972 760 4023 videbant
779 3970 869 4021 hostes
894 3970 1011 4022 numeris
1036 3971 1190 4038 quibusdam
1216 3974 1275 4022 mo-

174 4041 243 4093 dicis
262 4042 400 4108 progredi,
420 4043 471 4109 ipsi
492 4043 560 4108 opud
579 4042 670 4094 urbem
690 4043 877 4110 mopsuestiam
897 4043 930 4093 iis
951 4042 1122 4095 insidiantes:
1149 4045 1275 4094 emitten-

173 4120 214 4162 tes
234 4119 322 4163 antcm
347 4115 517 4164 occasionem
536 4129 583 4164 eos
602 4114 775 4181 aggrediendi
794 4121 934 4180 praetextu
953 4129 988 4164 ne
1007 4129 1114 4180 sparsos
1138 4129 1167 4164 se
1193 4114 1275 4165 dissi·

172 4184 232 4249 pari
250 4191 423 4248 paterentur,
446 4192 473 4234 et
492 4192 693 4252 exspectantes,
722 4186 807 4236 donec
833 4187 860 4236 iu
880 4194 965 4237 eastra
990 4188 1077 4237 coacti
1097 4191 1197 4245 essent,
1217 4196 1275 4232 aaa.

173 4267 254 4321 gaam
272 4254 410 4306 victoriam
429 4263 456 4307 et
476 4257 672 4324 expeditionem
691 4257 880 4325 perdiderunt‘
910 4273 968 4309 eom
987 4258 1059 4308 enim
1084 4252 1277 4323 cognovissent
