3182 4986
356 384 427 454 sto
654 383 877 453 ntentans
906 372 1165 452 Amaniensis

351 554 429 619 κατδι
465 553 502 618 τό
532 552 663 638 πάτριον
697 554 802 621 ntitas
829 557 960 638 νόμιμον
994 561 1051 640 τῆς
1072 559 1156 630 ἰδίας
1186 557 1463 641 προκινδυνεῦσαι

212 657 232 721 l·
253 655 303 710 189
318 674 340 709 r·
351 657 524 739 θρησκείας
546 657 602 720 καί
622 659 754 731 πόλεως.
803 660 871 721 αλλ’
893 658 952 721 osis
978 652 1188 741 ἠδυνήθησαν
1218 659 1316 738 μέχρι
1338 652 1461 729 παντὸς

351 760 528 838 α’ντισχεϊν·
583 756 637 820 διό
664 760 787 822 πολλῶν
819 755 880 840 γὰρ
907 761 1013 839 μερῶν
1041 758 1247 840 περισχόντες
1275 753 1396 830 αότοός
1430 752 1460 818 oi

347 853 511 938 Ῥωμαῖοι,
533 858 589 922 καί
614 856 709 945 τόλμῃ
738 860 838 943 πολλῇ
868 864 923 923 καί
955 854 1065 932 όπλοις
1095 853 1255 941 ἑκηβόλοις
1278 856 1332 921 καί
1353 881 1461 920 συνα-

350 960 478 1046 σπισμῷ
499 956 764 1043 καταπλήξαντες,
789 957 999 1043 δορυκτητους
1020 953 1138 1032 αότοός
1162 960 1378 1041 πεποιήκασιν.
1404 957 1486 1024 &nii

321 1131 328 1147 ,
351 1060 387 1123 δέ
406 1082 441 1143 γε
465 1061 522 1144 τῆς
553 1056 751 1143 α’κροπὸλιως
775 1056 855 1144 (ἔστι
883 1058 943 1143 γόρ
965 1054 1115 1133 ’ἐπίπεδος
1135 1062 1195 1140 μὲν
1217 1057 1272 1123 καί
1294 1051 1377 1138 αότὴ
1404 1059 1463 1120 καί

349 1159 386 1245 τῇ
407 1160 497 1224 πόλει
514 1158 711 1242 δμόστοιχος,
731 1163 850 1243 τείχεσι
866 1163 901 1224 δὲ
919 1156 1134 1244 ὑψηλοτάτοις
1150 1148 1229 1242 όγαν
1246 1163 1302 1223 καί
1322 1155 1461 1241 πόργσις

349 1259 470 1345 αἐρίοις
494 1262 719 1345 πεπυκνωμένη
734 1261 803 1325 »καί
825 1253 891 1324 οἷον
916 1260 1091 1344 ἀνάλωτος)
1124 1260 1162 1322 ου’
1184 1260 1332 1343 τοιαότην
1360 1250 1462 1340 εὗρον

351 1356 382 1424 oi
400 1360 552 1444 Ῥωμαῖοι
571 1359 630 1445 την
656 1363 819 1426 ου’κολίαν·
863 1364 964 1426 ἐκεῖσε
985 1359 1046 1445 γὰρ
1070 1361 1375 1446 είσιόνΣαρακηυῶν
1398 1361 1463 1423 οιίι
1562 1404 1563 1453 η

350 1462 566 1548 εόαρίδμητον
601 1468 722 1546 πλῆθος
753 1466 939 1546 ἐρρωμένως
982 1462 1137 1545 ἠμύνατο.
1196 1463 1235 1526 eal
1266 1460 1331 1546 μην
1357 1465 1461 1546 μέχρι
1474 1476 1507 1528 tt)
1562 1460 1563 1549 l

350 1567 468 1629 πολλοῦ
488 1564 544 1649 τὴν
566 1563 712 1650 φυλακην
734 1567 790 1646 τῆς
811 1558 909 1645 ἄκρας
931 1571 1036 1648 τηρεῖν
1059 1560 1282 1647 ἠδυνήθησαν·
1324 1563 1463 1627 κυκλόσε
1562 1560 1563 1631 i

351 1664 412 1747 γὰρ
438 1661 628 1745 όβασιλεός
657 1661 766 1741 ὅπλοις
786 1668 841 1729 καί
856 1672 1015 1748 μηχαναῖς
1046 1662 1163 1740 αότοός
1184 1667 1380 1742 κατατείνας,
1406 1664 1464 1726 καί
1562 1638 1563 1733 λ

267 1781 273 1793 “
351 1763 556 1845 πετροβόλοις
579 1762 721 1848 ὀργάνοις
743 1765 798 1829 καί
818 1764 918 1840 τόξοις
949 1763 992 1838 ὥς
1013 1763 1124 1849 νιφόσι
1147 1767 1383 1842 κατακοντίσας,
1407 1761 1465 1825 καί

351 1863 479 1948 χοόματι
500 1862 557 1946 τὴν
578 1862 697 1929 ἅλωσιν
714 1868 748 1928 έκ
769 1865 1213 1948 πολιορκίαςέπιδιιξόμενυς,
1238 1862 1464 1935 όποσπὸνδους
1562 1868 1563 1937 l

351 1961 510 2047 πεποιὴκε.
535 1963 785 2049 πρεσβεύσαντες
802 1965 859 2048 γόρ
878 1968 934 2029 καί
954 1964 1139 2047 συγγνώμης
1159 1973 1269 2046 τυχεῖν
1282 1963 1508 2047 nicopolim-15
1562 1958 1563 1985 ¹

352 2088 413 2147 νοι,
433 2068 487 2129 καί
506 2058 622 2149 λότρον
643 2066 698 2150 την
720 2064 876 2149 ἱκετηρίαν
897 2067 1044 2130 ου’τιδντε
1061 2068 1115 2129 καί
1133 2063 1291 2148 γυναικιόν
1313 2066 1464 2128 καῐπαί-

353 2170 417 2231 δαν
440 2169 494 2231 κατ’
516 2168 573 2251 τῆς
594 2170 702 2252 λοιπῆς
723 2166 834 2242 οόσίας
855 2169 1069 2251 προθέμενοι,
1092 2165 1147 2231 τόν
1168 2168 1306 2248 βασιλέα
1327 2166 1465 2229 κατεδυ-

353 2263 505 2354 σώπησαν
526 2271 581 2333 καί
606 2272 668 2333 τῶν
697 2265 774 2333 κατό
799 2265 917 2340 σκοπόν
941 2266 979 2329 oa}
1001 2266 1184 2352 διήμαρτον.
1236 2261 1465 2350 κυριεύσαντες

353 2371 390 2434 tt
412 2370 467 2435 καί
487 2373 543 2455 τῆς
565 2369 768 2457 α’κροπόλεως
800 2366 829 2433 οἱ
849 2367 1021 2448 Ῥωμαῖοι,
1043 2367 1266 2450 μεσιτεόοντυς
1286 2375 1353 2442 τοῖς
1375 2364 1465 2450 πρί-

353 2494 471 2553 γμασιν
496 2470 614 2556 α’νδρός
634 2473 805 2554 Ἀσσυρίου
827 2473 886 2552 μὲν
914 2467 1059 2552 τὸγένος
1087 2474 1226 2556 γέννημα
1247 2472 1300 2554 τῆς
1319 2466 1510 2551 μεγίληςκθ

351 2569 545 2654 Ἀντιοχείας
576 2570 801 2656 τυγχάνοντος,
823 2563 929 2655 ἇκρως
961 2573 990 2634 δ’
1018 2572 1228 2655 ἐξησκημένον
1254 2568 1310 2654 τήν
1329 2591 1364 2633 τε
1380 2565 1487 2652 Ῥοι-Ι

354 2669 471 2752 μαῖκην
494 2670 610 2758 σοφίαν
631 2677 685 2736 καί
707 2674 874 2737 παίδευσιν
896 2671 950 2737 καί
973 2668 1027 2755 την
1049 2675 1112 2736 τῶν
1129 2673 1325 2758 Σαρακηνοόν
1346 2667 1403 2735 διοὶ
1427 2670 1463 2732 τὸ

354 2772 407 2852 τῆς
427 2767 556 2855 φόσεως
578 2764 728 2852 εόσταλὲς
750 2776 803 2839 καί
822 2770 996 2858 μετειόρον,
1020 2772 1074 2838 κατ’
1102 2774 1288 2861 προσίυντος
1311 2768 1465 2855 ου’μηχό-

354 2893 415 2946 νοις
437 2871 474 2958 τῇ
496 2870 682 2956 α’κροπόλει,
701 2877 757 2938 καί
775 2871 833 2951 τός
853 2873 1136 2952 πόλαςῬοοοικοῖς
1157 2867 1266 2952 ὅπλοις
1290 2873 1324 2937 έν
1347 2874 1398 2957 τῷ.
1414 2870 1461 2933 εί.

355 3142 455 3196 celtum
482 3145 618 3214 proprium
643 3147 788 3200 defendere
817 3156 843 3201 et
861 3149 967 3201 urbem:
995 3148 1042 3201 sed
1066 3163 1121 3200 noa
1140 3154 1286 3215 potuerunt
1304 3162 1353 3215 per
1373 3147 1463 3197 omnis
1562 3156 1563 3183 ι

355 3215 459 3268 durare.
502 3231 551 3284 per
577 3217 672 3270 multas
693 3221 762 3271 enim
782 3229 870 3286 partes
897 3221 1090 3273 circumdantes
1120 3235 1166 3271 eos
1186 3220 1281 3272 Gracci
1302 3226 1329 3269 et
1348 3220 1461 3270 andacia
1562 3228 1563 3279 1

356 3287 438 3338 multa
458 3296 484 3339 ct
508 3289 588 3339 armis
615 3290 716 3342 eminas
740 3291 828 3343 missis
854 3301 881 3342 et
909 3301 1042 3359 scutorum
1069 3292 1215 3342 certamine
1233 3297 1367 3341 terrentes
1386 3288 1462 3340 bello
1562 3286 1563 3351 ζ

356 3362 448 3424 captos
468 3373 515 3410 eos
537 3360 673 3412 lecerunt:
694 3377 752 3411 cum
772 3370 860 3413 antem
874 3364 942 3413 arcis
964 3367 1020 3431 (est
1035 3364 1103 3413 enim
1123 3378 1210 3430 ecque
1230 3363 1332 3429 etipsa
1353 3369 1381 3410 et
1401 3360 1460 3411 urbi
1562 3378 1563 3381 ¹

357 3428 446 3480 vicina
457 3437 483 3480 et
493 3432 575 3481 mucis
594 3431 731 3483 altissimis
751 3433 829 3485 valde
843 3442 870 3484 et
879 3433 994 3485 turribus
1014 3435 1101 3485 aencis
1115 3434 1217 3485 firmata
1228 3440 1256 3483 et
1266 3432 1461 3499 quodamnodo
1562 3432 1563 3441 ’

356 3501 471 3570 invicta)
489 3515 543 3553 nen
563 3501 642 3553 talem
664 3504 818 3554 invenirent
829 3504 923 3556 Graeci
944 3502 1114 3569 facilitatem,
1134 3536 1168 3547 -
1187 3503 1254 3555 illuc
1274 3506 1345 3554 enim
1366 3504 1461 3573 ingre.

356 3572 432 3623 diens
451 3572 642 3625 Saracenorum
668 3589 721 3625 non
751 3590 832 3641 parva
857 3575 997 3628 multitudo
1027 3577 1133 3627 fortiter
1160 3574 1322 3627 arcebat-
1340 3590 1398 3627 non
1418 3576 1461 3625 din
1562 3576 1563 3629 l

356 3643 517 3707 praesidium
536 3646 607 3696 arcis
627 3661 736 3697 servare
755 3653 899 3712 potuerunt
929 3647 999 3713 Gyae
1020 3648 1090 3699 enim
1114 3663 1164 3700 rex
1182 3649 1262 3698 armis
1282 3656 1310 3697 et
1328 3646 1461 3697 machinis

357 3727 404 3761 eos
423 3728 546 3777 premens
567 3724 594 3767 et
612 3718 753 3784 catapultis
774 3726 800 3769 et
824 3717 920 3769 iaculis
939 3727 968 3769 ut
986 3720 1057 3770 nivis
1076 3719 1247 3770 multitudine
1267 3717 1409 3781 iaculans,
1437 3724 1462 3768 et
1562 3704 1563 3727 ¹

358 3780 432 3832 vallo
452 3787 677 3852 expugnationem
698 3804 731 3839 ex
750 3790 950 3856 oppugnatione
968 3790 1081 3853 minans,
1102 3791 1222 3842 inducias
1237 3796 1363 3856 petentes
1383 3789 1461 3839 lecit.

357 3851 462 3919 legatos
482 3856 551 3905 enim
570 3859 704 3909 mittentes
722 3868 748 3911 et
767 3861 871 3911 veniam
891 3866 1014 3926 petentes
1035 3870 1061 3911 et
1075 3860 1174 3927 piaculi
1195 3875 1276 3912 causa
1295 3875 1393 3929 preces
1411 3875 1464 3910 sn.

358 3922 416 3974 silli
434 3939 495 3974 suas
522 3934 548 3974 et
575 3927 714 3980 mulierum
741 3939 767 3981 et
795 3930 938 3982 liberorum
967 3940 993 3982 ct
1013 3931 1137 4000 reliquae
1155 3933 1337 3999 possessionis
1357 3947 1463 3999 propo-

356 4000 452 4046 nentes
479 4010 570 4075 regem
595 3999 736 4063 supplicati
762 4010 823 4053 sunt
848 4010 874 4052 ct
898 4017 913 4051 a
937 3996 1078 4069 proposito
1107 4018 1161 4054 non
1187 4003 1364 4065 alperrsrunt:
1384 4003 1463 4069 potiti

356 4072 444 4121 antem
474 4071 641 4146 etiamuasce
667 4069 759 4121 Graeci
785 4088 828 4123 res
857 4074 1018 4125 conciliante
1044 4074 1151 4126 homine
1178 4076 1309 4139 Assyrio,
1329 4075 1465 4143 originem

357 4150 486 4204 amagna
505 4134 788 4219 lnttpchiaoucente,
809 4152 836 4194 et
855 4144 933 4195 valde
954 4146 1100 4197 exercitato
1121 4149 1148 4198 in
1167 4146 1331 4199 Graecorum
1350 4147 1466 4213 sapien-

356 4213 393 4265 tia
414 4216 441 4261 et
461 4207 629 4259 institutione
650 4215 676 4258 et
691 4207 881 4265 Saracenorum
900 4223 1011 4283 psopter
1028 4225 1149 4269 naturam
1176 4216 1285 4268 facilem
1305 4226 1333 4268 et
1353 4217 1466 4278 celsam,

357 4292 385 4341 ot
401 4280 549 4336 secedente
568 4287 629 4349 apte
648 4279 680 4334 ad
700 4291 825 4335 ancemet
843 4294 934 4351 pertas
953 4287 1057 4341 [losicin
1077 4289 1157 4342 armis
1176 4288 1355 4358 ingrediendo
1376 4288 1465 4341 elsa-
1562 4336 1563 4363 η
