3150 4986
584 318 803 449 'ursmare
956 342 963 349 ’
1172 372 1249 447 aar

144 557 198 612 τος
209 538 335 618 μεστοῦ
347 535 488 621 χαρίτων
501 535 618 606 ἑαυτὸν
638 543 850 624 ύποξενούντώ
866 564 953 627 ποτε,
976 539 1019 619 ώς
1031 534 1114 609 είναι
1135 546 1251 624 θαύμα

144 638 295 720 μέγιστον
323 647 389 713 ταῖς
424 639 608 725 α’νδρώποις
645 647 699 709 καί
732 644 927 728 α’ξιέρσστον.
988 638 1063 710 όσον
1093 641 1154 728 γὰρ
1183 650 1249 719 τοϊς

145 748 388 820 στρατιωτικοῖς
412 741 532 825 ύγώσιν
566 744 750 820 α’νύποιστος
781 737 821 829 ἤν
842 743 898 809 καί
916 741 1090 828 θυμοειδές
1111 742 1166 808 καί
1186 767 1249 807 κα·
1294 788 1297 793 >

146 837 353 922 ταπληκτιιιός
374 842 432 925 την
452 839 562 929 ὁρμήν,
582 846 729 909 τοσούτσν
748 846 783 910 ἐν
795 853 864 920 ταῖς
886 848 1012 912 α’νέσεσι
1030 844 1085 909 καί
1102 852 1172 920 ταῖς
1192 849 1247 908 λε-

115 941 296 1021 5γομέκαις
317 940 509 1027 έκεχειριάις
538 942 594 1009 καί
613 950 683 1020 ταῖς
703 944 785 1009 κατό
805 943 864 1031 την
891 945 1043 1029 βασιλίδα
1066 948 1381 1031 διστριβαϊςλλλθν.

145 1036 302 1121 ἡδύτατος
324 1044 381 1106 καὶ
412 1047 569 1127 μειλίχιος
601 1047 656 1110 καί
682 1042 891 1134 φιλόστοργος
912 1044 992 1129 πρός
1017 1045 1090 1123 τούς
1114 1047 1246 1126 Bocot-

142 1139 248 1225 τίσεις,
282 1142 336 1206 καί
362 1138 474 1226 λόγους
501 1143 649 1221 α’στειλιος
677 1148 779 1231 φιλών
809 1151 868 1214 ’καί
897 1144 968 1224 τούς
1004 1142 1248 1230 όστεῖζομένοος

143 1239 458 1327 προσαικειούμενος,
486 1242 541 1309 καί
562 1245 703 1324 α’παξιών
727 1241 841 1315 ἔαυτόν
868 1246 966 1337 ὲτέριρ
986 1251 1155 1314 καλεῖσθαι
1174 1242 1249 1312 ύνό-

142 1332 272 1425 narei
300 1346 345 1429 τῷ
372 1341 430 1427 την
452 1344 637 1428 ἐπωνυμίαν
672 1351 845 1430 παρέχοντι
877 1342 963 1436 αύτῷ
984 1350 1020 1414 έκ
1036 1350 1094 1433 τῆς
1114 1347 1245 1424 πόλεως.

97 1450 135 1506 10
146 1440 202 1505 διό
222 1444 315 1509 τούτο
340 1447 396 1509 καί
417 1444 506 1530 παρό
530 1444 655 1512 πόντων
677 1448 819 1532 ἠγαπᾶτο
842 1445 1158 1537 διαφερόντως,·και“
1178 1473 1247 1514 κοι-

142 1537 199 1605 νόν
223 1532 338 1625 όφελος
372 1545 427 1609 κατ’
459 1546 599 1613 έκαλεϊτο
634 1546 690 1611 καί
715 1548 908 1633 ἐγινώσκετο,
929 1550 1104 1615 πανδαισία
1128 1571 1164 1614 τε
1191 1548 1247 1614 καί

142 1644 289 1728 εύφημίσ
304 1643 409 1729 κοινή,
430 1645 623 1731 στρατιώτης
637 1671 671 1712 τε
689 1646 907 1736 α’παρόμιλλσς
923 1653 979 1716 καί
997 1654 1125 1734 πολίτης
1146 1646 1244 1734 ύσύγ.

139 1768 259 1861 ηιριτσς.
313 1736 353 1829 ἦν
382 1747 444 1831 γὰρ
477 1745 555 1833 πρός
588 1749 710 1826 τούτοις
737 1753 792 1815 καί
817 1756 945 1836 μεγέθει
979 1747 1169 1832 διαλώμπων
1189 1751 1246 1813 κατ’

140 1861 216 1926 σψει
239 1845 429 1912 ταπεινώσει
455 1871 488 1913 τε
520 1847 723 1933 φρονήματος
743 1854 798 1915 καί
826 1853 1089 1940 σοιαναστροφῆς
1112 1845 1245 1933 κοσμιό-

93 1966 129 2020 15
138 1969 212 2030 τητι
242 1948 297 2011 καί
323 1945 535 2030 μειδιόματος
557 1947 739 2033 ἱλαρότητι,
763 1952 809 2027 εἰς
841 1945 938 2035 όκρον
960 1952 1052 2037 δόξης
1073 1957 1128 2017 καί
1149 1973 1243 2035 περι-

139 2046 297 2127 λύμψτως
318 2041 433 2113 ἔαυτόν
459 2049 591 2133 ώνοψών
615 2050 653 2136 τῇ
676 2050 766 2136 κοινῇ
787 2054 845 2115 τού
873 2052 1017 2135 πληθοος
1037 2043 1165 2139 εόλογίρ
1187 2053 1244 2117 καί

137 2151 290 2233 σοντανίρ
306 2146 363 2231 τῆς
381 2145 597 2233 α’νομνησεως.

242 2246 289 2311 Ἐκ
312 2246 349 2332 δη“
372 2246 491 2314 τούτων
518 2253 580 2315 τών
603 2252 743 2336 α’ρίστων
773 2252 828 2317 κατ’
845 2250 1000 2335 μεγίστων
1023 2253 1118 2331 ἕξεων
1137 2252 1243 2317 αύτού

137 2347 197 2412 καί
217 2344 397 2430 ἐντεύξεων,
419 2351 474 2413 καί
495 2339 541 2413 ὧν
562 2352 630 2432 μετ’
654 2351 754 2416 αύτόν
776 2348 792 2413 ό
813 2354 927 2417 τούτου
950 2347 1144 2437 ώραιότατος
1167 2347 1242 2415 κλύ.

88 2450 196 2524 οοδος
218 2444 253 2512 όν
273 2472 307 2512 τε
339 2457 402 2524 τοῖς
432 2461 668 2536 στρατιωτικοῖς
698 2453 896 2535 α’γωνισμασι
925 2456 981 2518 καί
1001 2453 1166 2537 τροπαίοις
1186 2453 1242 2516 κατ’

136 2555 207 2624 τοῖς
230 2556 399 2626 πολιτικοῖς
431 2550 670 2635 διακοσμημασι
701 2552 757 2619 καί
781 2551 929 2639 ἀρρήτοις
962 2553 1240 2636 έγκαλλωπισμασι

136 2651 292 2735 (συγγενῆ
309 2649 370 2736 γόρ
406 2648 510 2718 πόντα
529 2656 584 2717 καί
604 2649 766 2738 όριότροπα
799 2657 853 2718 κατ’
882 2652 1012 2741 όμοφοῆ
1038 2655 1082 2741 τῷ
1100 2649 1240 2737 πατρίύ

135 2747 212 2825 οἰός
232 2747 455 2843 inclusivum),
478 2756 611 2820 διπλσύν
627 2753 663 2822 τό
677 2758 734 2840 τῆς
750 2753 871 2841 α’γόπης
891 2758 946 2822 καί
960 2754 996 2821 τό
1018 2758 1074 2840 τῆς
1085 2752 1242 2842 ίρασμώ-

211 2915 255 2967 21.
275 2921 336 2983 post
352 2916 457 2987 λγκαλλ.
481 2916 558 2969 deest
578 2915 716 2992 διίλαμπε
733 2915 778 2971 rel
796 2917 885 2971 similo
904 2918 1024 2972 verbum.

133 3059 258 3113 bonitate
279 3060 445 3125 inferiorem,
464 3068 509 3114 aut
526 3077 541 3113 a
559 3062 660 3114 virtute
678 3069 705 3113 et
725 3060 860 3113 hilaritate
880 3069 907 3114 et
924 3064 981 3114 risu
997 3062 1141 3129 gratiamur
1157 3060 1239 3127 pleno

135 3148 169 3185 se
189 3130 383 3184 abalienantem
405 3148 530 3201 unquam,
549 3133 585 3184 ita
606 3140 635 3183 ut
654 3139 726 3183 esset
749 3131 904 3183 miraculum
922 3133 1063 3183 maximum
1088 3130 1238 3183 hominibus

137 3211 168 3254 et
189 3202 312 3254 amabile.
349 3212 475 3273 quantum
505 3206 575 3255 enim
599 3204 627 3254 in
654 3201 813 3254 militaribus
843 3202 1031 3254 certaminibus
1058 3200 1235 3253 irresistibilis

134 3282 197 3326 erat
209 3282 236 3325 et
254 3276 389 3328 animosus
409 3284 436 3327 et
453 3273 582 3327 terribilis
603 3275 713 3342 impetu,
733 3282 832 3326 tantum
851 3275 879 3325 in
896 3273 1055 3324 remissione
1075 3279 1102 3323 ct
1122 3270 1238 3323 induciis

137 3353 166 3396 et
187 3348 395 3398 commoratione
414 3347 441 3397 in
460 3348 536 3414 regia
557 3345 729 3398 suavissimus
749 3353 775 3397 et
793 3345 862 3396 lenis
882 3352 909 3395 ct
926 3358 1015 3396 amans
1041 3358 1105 3411 erga
1127 3343 1237 3409 Byzan-

134 3417 210 3469 tios:
238 3425 264 3469 et
282 3432 419 3469 sermones
447 3418 562 3469 urbanos
586 3415 690 3468 amabat
716 3416 891 3485 hominesque
921 3416 1037 3468 urbanos
1061 3414 1114 3466 sibi
1142 3414 1238 3465 couci.

135 3486 234 3553 liubat,
255 3488 444 3557 indignumque
463 3488 571 3540 rebatur
596 3504 626 3539 se
648 3486 703 3538 alio
733 3489 824 3540 vocari
849 3488 956 3539 nomine
980 3495 1060 3555 atque
1085 3498 1139 3549 eo,
1165 3482 1237 3552 quod

136 3560 165 3610 ci
188 3575 223 3611 ex
242 3558 307 3611 urbe
326 3559 518 3627 praebebatur:
540 3566 682 3626 propterea
702 3561 781 3610 etiam
800 3558 833 3610 ab
863 3558 983 3610 omnibus
1012 3557 1109 3608 eximie
1135 3553 1238 3622 dilige·

134 3629 216 3683 batur
237 3638 263 3682 et
281 3632 426 3683 communis
445 3630 546 3682 utilitas
567 3638 593 3681 et
611 3629 758 3682 vocabatur
775 3638 802 3681 et
822 3628 1043 3695 cognoscebatur,
1062 3634 1143 3695 atque
1168 3639 1236 3677 con..

133 3703 244 3753 rivium
263 3711 290 3752 et
308 3700 366 3753 laus
385 3703 540 3765 communis,
559 3698 691 3769 milesque
711 3698 899 3768 insuperabilis
918 3706 945 3749 ct
970 3699 1038 3750 ciris
1066 3699 1237 3765 incompara-

132 3771 212 3824 bilis.
234 3774 379 3825 eratenim
398 3781 538 3841 praeterea
559 3781 586 3824 et
595 3772 777 3839 magnitudine
791 3769 904 3822 illustris
924 3776 951 3819 et
968 3767 1044 3821 vultu
1065 3784 1081 3821 ε
1110 3785 1145 3821 uc
1170 3768 1236 3821 sub-

131 3845 259 3895 missioni
278 3845 357 3895 animi
377 3851 404 3894 et
423 3843 622 3895 consuetudinis
642 3843 741 3894 decore
761 3849 787 3893 et
806 3842 875 3891 risus
894 3839 1029 3891 hilaritate
1048 3841 1080 3892 ad
1111 3842 1236 3910 astigium

131 3914 243 3982 gloriae
261 3922 289 3966 et
306 3915 471 3967 auctoritatis
489 3931 520 3967 se
538 3913 637 3965 tollens
656 3913 788 3964 communi
806 3909 982 3963 multitudiuis
1001 3909 1190 3966 benedictione
1210 3918 1237 3963 et

133 4000 272 4040 consensu
298 3984 497 4038 celebrationis.

236 4073 276 4126 lix
289 4073 332 4126 his
349 4074 433 4142 igitur
446 4075 552 4140 optimis
571 4073 745 4140 maximisque
760 4070 967 4138 proprietatibus
987 4072 1045 4125 cius
1061 4079 1087 4124 et
1103 4071 1235 4125 sermoni.

130 4147 183 4201 bus
204 4152 233 4196 ct
251 4161 286 4197 ex
304 4145 347 4209 iis,
367 4159 435 4212 quae
454 4145 568 4197 habebat
586 4153 646 4212 post
665 4156 724 4195 eum
743 4143 821 4195 huius
844 4143 996 4195 maturrime
1014 4157 1134 4210 propago
1154 4149 1181 4193 et
1205 4141 1234 4191 iu

129 4216 296 4270 militaribue
317 4216 506 4268 certaminibus
526 4223 553 4267 et
572 4216 689 4283 tropaeis
708 4222 736 4267 et
754 4214 879 4267 civilibus
900 4215 1027 4267 institutis
1047 4222 1074 4265 ct
1092 4210 1235 4265 rimutibus

128 4289 232 4349 celatis
249 4291 381 4358 (cognata
399 4288 469 4340 enim
488 4288 576 4340 omnia
594 4295 622 4340 et
647 4284 745 4340 similia
763 4293 791 4338 et
810 4286 927 4340 eiusdem
944 4292 1055 4337 naturae
1073 4284 1143 4353 patri
1162 4281 1235 4337 illius
