3222 5000
547 386 756 456 πιστσπιπ.
873 390 876 399 ·
1074 326 1078 333 ’
1149 380 1202 457 σο

117 548 239 612 εἰσέλθοι
259 547 316 629 τῆς
335 546 428 631 α’κοῆς
441 546 550 633 αὐτοῦ,
564 557 721 631 τιμωρίαν
734 549 821 637 ου’τρῖ
836 549 986 634 μεγίστην
995 551 1049 615 καί
1064 549 1205 616 θάνατον

117 648 289 732 ἐπιτίθησιν.
312 647 464 732 κέχρηται
481 649 517 712 δὲ
529 653 566 735 τῇ
584 644 651 733 ῥινί
667 642 727 715 ὅσα
739 648 795 714 καί
807 647 995 733 χειρί·’ἔστι
1011 647 1073 734 γύρ
1091 649 1127 716 ro*
1141 656 1206 734 μῆ-

118 768 159 823 κος
170 745 251 834 ούτῇ
266 744 344 811 κατὰ
360 746 531 833 σπίλττιγγα,
555 751 609 813 καί
630 750 673 813 δι’
686 749 783 835 αύτῆς
799 748 884 814 ἅπαν
900 752 1036 834 ἐνεργεῖ·
1059 752 1095 816 τὸ
1115 749 1206 816 διδύ-

118 868 198 925 μενον
220 848 276 911 καί
290 854 355 921 τοῖς
373 846 453 911 acroi
474 850 559 913 νῶτα
572 850 763 932 καθημένοις
785 849 967 933 ἦνιοχούσιν
986 849 1084 915 αύτὸν
1098 851 1208 917 α’ναδί-

99 948 192 1028 δίεισι,
209 948 265 1012 κατ’
283 946 341 1032 τήν
360 949 482 1034 τροφὴν
497 951 703 1034 παραπέμπει
717 954 762 1039 rigi
779 948 925 1033 στόματι,
945 948 1000 1014 καί
1020 944 1116 1015 ὅπλον
1138 955 1206 1016 κατ’

118 1044 232 1128 ίχθρσύν
253 1043 321 1129 ἔχει
345 1047 401 1111 καί
415 1042 611 1132 οἷμυντὴριον
631 1045 806 1133 δύσμαχον.
850 1048 964 1132 λύροις
986 1053 1022 1116 δὲ
1044 1050 1204 1127 παντοίοις

116 1141 282 1229 ἦχολινοίς
304 1147 366 1231 οδχ
387 1147 518 1234 ύπείκει,
539 1148 608 1247 ἀλλ’
629 1150 648 1234 ἡ
666 1147 815 1235 αἴσθησις
833 1153 922 1237 αύτῷ
941 1156 998 1215 τού
1020 1159 1121 1216 ποιεῖν
1144 1145 1202 1217 ὅσα

113 1256 166 1323 τοῖς
188 1248 349 1333 ἧνταχοῦσι
369 1251 585 1335 βεβούλευται,
605 1249 737 1325 πέλεκύς
760 1254 829 1316 ἐστι
846 1251 924 1316 κατὰ
947 1257 1080 1335 κρανίου
1102 1251 1202 1337 φορύ-

111 1371 201 1428 μενος.
243 1348 369 1433 χρόνοις
390 1352 425 1414 δὲ
449 1356 574 1426 πολλοῖς
603 1349 858 1438 κυοφορούμενος
891 1355 983 1438 (δέκα
1006 1351 1066 1437 γαρ
1090 1357 1201 1419 δνιαυ-
1216 1371 1235 1424 f,
1250 1371 1339 1430 1761,

85 1457 167 1524 ιλιοῖς
187 1452 227 1537 τῇ
247 1451 379 1540 μητρηλρι
400 1450 492 1536 νηδύι
524 1451 730 1537 καλύπτεται)
756 1453 811 1538 την
831 1457 895 1518 ταῖν
923 1453 1025 1520 δστοῖν
1046 1455 1202 1537 ἁρμονίαν

113 1551 239 1635 σκληρὰν
260 1550 316 1615 καί
335 1544 483 1634 ἄτεγκτον
498 1552 576 1635 πρὸς
595 1550 773 1631 σύμπτυξιν
790 1552 1006 1620 α’ποδείκνυσι.
1029 1552 1082 1620 διδ
1107 1559 1200 1622 τούτο

112 1648 156 1712 καί
174 1652 217 1726 τίς
236 1651 296 1734 γῆν
317 1648 547 1736 κατακλιθῆναι
570 1652 730 1731 α’δυνατεῖ,
752 1653 795 1735 μὴ
821 1644 886 1728 οίός
906 1678 939 1718 τε
961 1649 1007 1718 dv
1028 1653 1066 1720 τύ
1089 1649 1198 1738 ἄρθρα

111 1754 163 1815 τοῖν
182 1752 288 1816 ποδοῖν
321 1760 393 1827 ταῖς
423 1752 590 1834 ἁρμονίαις
618 1749 752 1831 σονύξαι
781 1758 839 1817 καί
867 1763 1082 1838 περιαγαγεῖν.
1127 1755 1202 1820 οἷντί

111 1852 140 1915 di
160 1850 369 1930 κατακλίσεως
389 1850 448 1937 τὴν
469 1855 515 1928 είς
536 1855 667 1937 δένδρον
689 1848 710 1935 ἢ
729 1861 951 1942 χειροποίητον
973 1857 1067 1933 ξύλον
1090 1848 1110 1940 ἢ
1131 1865 1201 1921 τοῖ-

81 1965 159 2035 ίᾶχοι
180 1952 261 2019 nortl
294 1955 372 2036 μίαν
402 1953 545 2038 πλευρὰν
573 1964 708 2020 ποιεῖται
737 1959 916 2040 ἐπίκλισιν,
949 1950 1058 2043 ὄρθιος
1077 1957 1200 2035 τούτοις
1313 1982 1316 1987 ’

109 2053 340 2137 ἐπερειδόμενος
360 2051 469 2135 μόνον.

195 2154 264 2220 Ἐπί
282 2151 384 2243 ταύτην
405 2159 450 2242 τῷ
474 2155 544 2245 ζούρι
566 2161 622 2222 καί
642 2157 699 2240 τὴν
728 2163 895 2243 λεγομένην
917 2159 1199 2245 καμηλοπάρδαλιν

107 2256 134 2331 ἔξ
159 2255 326 2340 Αἰγύπτου
364 2260 569 2342 πεμφθεῖσαν
604 2257 691 2345 αύτῷ
725 2268 791 2336 τοῖς
826 2259 969 2336 πολίταις
1000 2255 1016 2322 o‘
1047 2257 1200 2341 βασιλεύς

104 2360 340 2437 καθοπίδειξεν·
390 2354 458 2421 ἔστι
490 2358 526 2421 δὲ
568 2363 623 2423 καί
660 2352 742 2443 αύτη
778 2358 857 2423 κατὰ
886 2357 919 2423 τύ
950 2353 1051 2441 ὄνομα
1082 2357 1201 2424 σύνθε-

77 2477 166 2539 mcor,
188 2459 327 2543 φολίδας
358 2460 416 2539 μὲν
445 2458 632 2542 παρδάλεως
662 2455 800 2541 ἔχουσα,
822 2457 966 2543 κὀμὴλου
1000 2461 1035 2526 δὲ
1065 2448 1201 2543 μέγεθος

104 2554 158 2621 σύν
189 2561 231 2647 τῇ
252 2561 379 2644 κεφαλῇ
401 2562 454 2623 καί
471 2561 516 2646 aql
537 2559 760 2648 οἷποτεταμδτφ
791 2559 846 2624 καί
866 2564 969 2647 λεπτρῖ
999 2564 1055 2626 τού
1077 2563 1201 2646 τραχὴ-
1254 2568 1255 2571 ’

105 2661 174 2743 λου,
211 2656 296 2743 πλὴν
316 2654 391 2724 ὅσον
414 2656 464 2725 δτι
494 2654 510 2723 ὅ
542 2663 699 2745 τράχηλος
731 2661 811 2750 αύτῇ
847 2653 956 2744 ὄρθιος
987 2656 1032 2726 οδν
1067 2660 1129 2744 ούχ
1159 2660 1202 2737 ὥς

103 2763 152 2843 τῆς
183 2759 331 2844 καμήλου
365 2763 533 2846 πεποίηται
562 2760 809 2843 καμπυλότατος.
868 2764 937 2827 ἀλλ’
965 2755 1036 2830 οὔτε
1066 2766 1140 2848 περί
1161 2764 1201 2848 τὸ

103 3078 186 3143 gitndo
209 3078 236 3128 ei
254 3075 386 3128 buccinae
405 3075 504 3138 instar,
534 3082 561 3126 et
581 3090 613 3126 ea
634 3089 712 3127 omno
729 3084 839 3140 tractat;
858 3078 944 3129 datum
966 3080 1038 3129 etin
1057 3085 1198 3146 tergore.

101 3149 238 3212 dentibus,
266 3149 311 3215 qai
341 3153 534 3214 maregart,
555 3147 687 3213 porrigit,
716 3156 741 3198 et
760 3148 846 3200 cibum
871 3149 984 3199 admittit
1002 3149 1052 3210 ori,
1072 3155 1099 3196 et
1116 3146 1199 3198 telum

102 3228 183 3272 contra
203 3220 300 3271 lrcatea
323 3218 404 3270 habet
423 3226 449 3269 et
467 3218 626 3283 praesidium
646 3219 784 3269 invictum.
810 3217 876 3268 loric
904 3226 990 3268 autern
1013 3216 1134 3268 omnibns
1154 3226 1199 3269 ant

101 3289 173 3343 irenis
190 3305 249 3342 non
270 3289 358 3354 cedit,
388 3289 435 3340 aad
463 3303 557 3340 cenans
578 3290 602 3338 ei
622 3288 736 3340 laciendi
763 3303 831 3356 quae
858 3288 1012 3355 regentibus
1031 3287 1198 3353 placuerunt,

99 3366 192 3414 amris
213 3369 258 3413 est
279 3368 372 3412 contra
395 3361 523 3411 verticem
543 3367 610 3410 acta.
630 3375 715 3411 annor
744 3367 832 3410 autem
850 3358 947 3409 multoc
969 3360 995 3409 in
1014 3369 1110 3411 ventre
1128 3360 1198 3411 latus

100 3436 153 3498 (οτι
171 3435 273 3487 decem
293 3434 364 3484 euim
383 3444 471 3493 annor¹
485 3432 576 3482 matris
605 3439 681 3482 utero
711 3429 843 3499 velatur),
864 3430 1197 3482 oraium‘coninnctionem

98 3502 178 3557 duram
208 3514 239 3557 et
269 3504 367 3556 firmam
399 3502 469 3568 quod
488 3502 520 3553 ad
539 3502 748 3568 componendum
773 3503 876 3564 attinet,
893 3501 1017 3551 ostendit.
1055 3510 1196 3567 propterea

99 3578 166 3628 etiam
187 3580 217 3628 in
238 3584 338 3627 terram
359 3572 532 3624 succumbere
551 3587 605 3624 non
624 3580 721 3638 potest,
744 3588 802 3624 oum
817 3586 871 3623 aon
892 3570 982 3622 valeat
1000 3570 1126 3623 articulos
1146 3587 1196 3638 pe.

98 3646 146 3698 lrar
166 3648 305 3699 iuncturis
333 3657 496 3710 componere
519 3651 545 3695 et
572 3644 778 3695 circumducere.
822 3659 871 3709 pro
896 3641 1091 3693 succumbendo
1116 3643 1197 3694 incli.

96 3721 223 3771 rationem
255 3717 288 3768 ad
313 3715 434 3767 arborem
455 3723 501 3765 aut
526 3730 602 3765 manu
623 3715 719 3765 lactum
742 3713 842 3782 lignum
871 3714 1063 3778 autparietem
1082 3729 1134 3765 nno
1153 3714 1196 3766 la-

97 3791 243 3853 arefacit,
268 3796 373 3839 creetur
393 3788 420 3836 iu
439 3784 480 3836 hio
500 3801 530 3838 co
550 3785 666 3836 fulciens
685 3784 779 3836 colum.

182 3878 300 3930 Praeter
319 3873 370 3925 lroc
389 3873 486 3924 animal
507 3873 585 3924 etiam
610 3875 649 3924 aio
668 3873 764 3923 dictam
783 3870 1014 3939 camelopardalim
1028 3889 1061 3925 ex
1071 3875 1195 3943 Aegypto

96 3951 188 4001 airum
214 3948 273 4000 ribi
292 3944 398 3997 civibus
417 3960 466 3995 τοι
478 3945 609 4006 ostendit3
628 3952 668 3995 ert
686 3951 772 3993 autem
791 3944 869 3994 etiam
892 3943 959 3995 hacc
978 3946 1122 3996 coeundum
1142 3960 1194 3995 no.

96 4033 143 4071 neo
160 4020 329 4087 composita,
349 4014 466 4067 maculae
486 4015 602 4081 pardalio
625 4014 738 4075 habena,
768 4015 863 4066 carneli
883 4024 969 4066 autem
989 4017 1194 4084 magnitudinem

95 4093 233 4145 etcollum
257 4098 285 4140 ct
305 4089 448 4140 abaciacum
478 4095 505 4137 et
529 4095 635 4138 tenuem
654 4094 772 4136 naturam
792 4085 856 4136 colli
887 4087 939 4137 nisi
959 4086 1029 4156 quod
1050 4086 1147 4137 collum
1169 4088 1194 4136 ei

94 4174 199 4215 ructum
227 4175 287 4212 non
314 4167 344 4209 ut
363 4158 458 4209 cameli
487 4159 583 4209 lactum
610 4166 649 4209 est
675 4158 754 4207 nimia
775 4166 912 4209 curvatum
941 4160 987 4209 aed
1006 4173 1040 4207 nc
1061 4159 1086 4207 in
1105 4157 1193 4207 modio

94 4236 184 4298 quidem
205 4234 294 4285 dorso
314 4231 446 4280 curvitate
465 4230 579 4292 excedit,
602 4228 683 4280 simili
702 4236 789 4279 autem
809 4230 886 4279 modo
904 4229 1079 4278 directionem
1099 4226 1192 4276 indca

91 4304 157 4356 torro
178 4319 274 4372 noque
295 4300 452 4352 adrandum
471 4309 562 4364 tenet,
586 4316 638 4361 non
669 4308 756 4351 autem
776 4314 861 4367 acque
880 4298 1030 4362 altitudine,
1049 4311 1109 4349 nam
1128 4295 1192 4347 dor.

137 4413 426 4471 κοιμίσαντα.
991 4409 1009 4465 4
1105 4467 1115 4476 ‚
