3150 4986
483 473 724 581 'nomem
962 432 969 448 ⁰
1098 475 1172 549 τοι

71 634 235 722 έχρὴσατο
255 644 415 721 μηχαναῖς
428 636 483 702 καί
502 648 724 724 στρατηγικαῖς
738 625 918 724 έμπειρίαις
939 640 1019 723 πρὸς
1039 640 1096 725 την
1116 644 1175 711 τοῦ

70 734 217 820 πλήθους
239 734 367 821 κοίτην
389 739 450 803 τῶν
472 735 613 804 ὁλκάδων
628 738 792 823 sedanam,
811 741 854 823 μη
878 730 966 814 ὄντος
988 743 1113 821 λιμένος
1136 742 1177 829 τῇ

69 833 186 925 Κρὴτη
211 838 429 921 (α’λιμένεοτος
462 837 525 924 γὰρ
549 844 637 906 παῖσα
658 837 762 930 ἔστί),
781 840 903 923 μακρὸν
924 835 964 906 ἂν
986 837 1034 925 εἴη
1056 842 1205 918 dirisi-l.
1221 851 1274 908 216
1286 867 1315 908 r.

70 941 161 1003 θεῖν·
217 935 236 1000 d
263 940 298 1003 δέ
326 937 587 1024 παραδοξότατόν
622 943 688 1009 έοτι
719 944 776 1007 καί
797 937 877 1026 πρὸς
906 938 964 1025 τήν
983 943 1039 1007 τοῦ
1059 941 1177 1025 α’νδρὸς

49 1038 256 1122 οεδσέβειαν,
287 1042 384 1117 λέξων
409 1037 555 1126 ἔρχομαι.
614 1041 876 1128 περιταφρεύσας
906 1040 947 1107 τέ
983 1041 1052 1108 ἴδια
1080 1049 1176 1112 πλσία

69 1143 205 1224 πλησίον
234 1141 293 1206 τοῦ
324 1137 465 1227 κέστραν
493 1143 551 1208 τοῦ
581 1140 754 1220 Χένδακος
784 1147 899 1229 (τοῦτο
936 1142 996 1229 γάρ
1031 1144 1100 1211 έοτι
1121 1145 1177 1229 τῆς

70 1236 204 1325 Κρήτης
235 1236 272 1308 ri
293 1239 504 1326 ἰσχυρότατον
533 1246 590 1309 καί
617 1243 885 1328 ἡγεμονικώτατον
908 1240 1078 1333 φρούριον)
1101 1242 1177 1308 dad-

70 1344 155 1424 θητο
184 1341 245 1425 πρὸ
276 1341 332 1426 τῆς
360 1338 482 1418 πόλεως
510 1342 555 1419 ὥς
587 1336 650 1408 sind
681 1345 818 1411 σταδίων
845 1350 962 1432 τριοῖν,
990 1345 1178 1430 δημηγορῶν

70 1446 139 1516 τοῖς
174 1432 282 1523 ὄχλοις
315 1443 372 1506 καί
406 1451 472 1519 τοῖς
501 1442 753 1529 συστρατιώταις
787 1449 843 1512 καί
875 1442 1177 1531 συνταγματάρχαις

1 1624 4 1630 Ι
35 1542 129 1609 loxos*
153 1540 332 1628 ναυάρχοις
361 1535 423 1610 ὅσα
452 1546 496 1634 τῷ
524 1549 625 1634 καιρῷ
646 1543 702 1612 καί
721 1553 785 1625 τοῖς
808 1552 1038 1633 περικειμένας
1059 1546 1177 1629 α’γωνί-

70 1667 174 1723 σμασι
205 1644 392 1732 πρόσφορα·
443 1644 478 1710 έκ
513 1643 750 1733 μηχανημάτων
780 1634 815 1714 δέ
847 1658 912 1726 τοῖς
938 1649 1076 1733 τείχεσιν
1103 1647 1176 1711 έπι-

71 1746 262 1829 καθημένων
290 1747 542 1832 σφενδονηθεῖσα
576 1752 676 1831 πέτρα
708 1748 807 1830 μέσον
835 1751 953 1816 τούτων
980 1740 1062 1831 μετὰ
1096 1754 1175 1812 πολ-

72 1846 133 1908 λοῦ
163 1845 220 1909 tois
249 1844 361 1930 ῥοίζου
381 1848 552 1930 κατέπεσε,
585 1851 706 1931 μηδένα
727 1851 787 1930 μέν
809 1849 991 1935 α’δικὴσασα
1012 1852 1076 1915 τοῖν
1091 1847 1176 1914 Ῥω-

68 1947 195 2026 μαίων,
214 1943 316 2031 φόβον
338 1948 374 2011 δέ
405 1949 462 2012 καί
481 1945 627 2032 ἔκπληξιν
655 1947 697 2011 ου’
713 1950 846 2031 μετρίαν
868 1957 934 2025 τοῖς
956 1943 1039 2024 ὅλοις
1061 1945 1175 2016 deord-

29 2048 164 2122 missa.
199 2045 217 2109 d
247 2048 283 2110 di
314 2048 430 2123 Φακᾶς
466 2047 595 2123 οἰκείαις
621 2053 716 2130 χερσί
746 2047 800 2114 τὸν
837 2048 1054 2135 δπορριφέντα
1084 2049 1175 2114 λίθον

6 2206 11 2221 ,
68 2143 308 2232 α’νακουφίσας,
346 2149 400 2212 καί
426 2148 530 2226 δείξας
562 2156 627 2224 τοῖς
656 2152 815 2234 παροῦσιν
848 2147 892 2225 οἷς
917 2150 1091 2233 εδμεγέθης
1120 2147 1177 2211 καί

66 2243 237 2330 χερμάδης
263 2245 333 2333 έστί
354 2249 411 2312 καί
439 2253 590 2314 τοσοῦτσν
621 2250 744 2333 αἰιέπτη
769 2248 929 2333 διάστημα
960 2241 1034 2312 ὅσον
1068 2246 1176 2312 οδδενί

65 2347 132 2408 τείν
155 2349 355 2431 πετροβόλων
383 2343 527 2431 δργένων
554 2345 589 2413 έν
619 2358 683 2426 τοῖς
712 2353 962 2441 καταπονηθεῖσι
979 2350 1053 2430 περί
1074 2350 1174 2412 Κιλι-

67 2450 140 2510 κιάν
159 2447 309 2529 κάπροις
331 2447 513 2512 έκλακτίσαι
535 2448 745 2532 προσγέγονε,
770 2445 973 2534 παρηγγύησε
995 2448 1093 2512 πᾶσιν
1113 2447 1174 2510 α’ν-

19 2542 260 2631 λῡδρικιέτερον
275 2547 464 2631 διατεθῆναι
484 2548 540 2614 καί
558 2548 786 2632 συντονώτερον
799 2548 841 2625 ὥς
860 2539 1042 2635 είςιὸνδρας
1055 2549 1172 2631 έληλα-

63 2644 139 2710 κόσι
162 2643 410 2730 Λαιστρυγόνας
438 2641 459 2731 ἢ
491 2648 679 2723 Κύκλωπας.
724 2647 849 2734 πρώτην
878 2652 914 2715 δὲ
945 2649 1091 2735 φυλακην
1118 2652 1175 2713 κατ’

64 2744 205 2831 α’νδρίαν
243 2746 499 2831 α’καταγοένιστον
537 2746 628 2815 ἔθετο
661 2746 717 2815 καί
748 2743 889 2837 ἄγκυραν
925 2749 1173 2835 αόφαλεστοίτην

64 2841 215 2925 derideris
237 2845 292 2934 τὴν
314 2850 361 2926 τίς
384 2848 443 2933 τήν
463 2849 647 2935 θεσμητορα
670 2853 726 2917 καί
745 2852 901 2937 πέναγνον
922 2850 1091 2919 δέσποιναν
1112 2875 1173 2916 κο-
1215 2868 1224 2893 ·

60 3183 182 3249 artibus,
202 3191 230 3237 et
248 3184 388 3253 prudentia
416 3186 588 3253 imperatoria
613 3183 645 3237 sd
662 3184 858 3239 multitudinem
884 3191 912 3237 et
929 3198 1013 3237 naves
1030 3184 1171 3236 trsetorias

59 3257 274 3320 conservandas,
295 3273 353 3308 cum
371 3271 426 3308 non
445 3265 516 3309 esset
540 3264 632 3324 portus
652 3257 748 3311 Cretae
774 3255 909 3326 (portibus
936 3256 1005 3306 enim
1024 3262 1098 3306 earet
1115 3262 1171 3306 tota

57 3328 180 3399 insula),
198 3327 310 3396 longum
330 3335 371 3380 est
388 3329 533 3396 persequi:
565 3328 744 3396 quodantem
768 3328 882 3381 maxime
900 3328 1110 3393 inexspectatum
1130 3332 1172 3377 est

58 3408 90 3451 et
121 3400 153 3451 sd
179 3400 232 3451 viri
260 3400 387 3467 pietatem
407 3401 545 3467 pertinet,
573 3400 711 3451 enarrabo.
756 3397 963 3451 circumvallans
989 3397 1098 3464 navigia
1122 3411 1172 3449 sua

57 3486 150 3537 prope
173 3469 313 3524 castellum
333 3469 500 3524 Ghandacem
520 3470 587 3539 (hoe
608 3472 677 3522 enim
699 3478 739 3522 est
757 3471 854 3525 Cretae
872 3470 1047 3521 firmissimum
1066 3477 1093 3519 et
1112 3482 1171 3518 ma-

55 3543 136 3593 xime
152 3543 353 3608 imperatorium
369 3547 497 3612 castrum)
520 3550 606 3594 cestra
619 3542 728 3594 tenebat
744 3549 806 3594 ante
824 3540 916 3605 urbem
930 3537 1074 3592 intervallo
1091 3539 1172 3589 trium

54 3614 125 3664 lero
143 3613 307 3664 stadiorum:
335 3614 515 3680 pronuncians
539 3612 703 3665 multitudini
731 3620 758 3664 et
775 3611 904 3663 militibus
924 3618 951 3662 et
969 3609 1171 3663 centurionibus

55 3692 86 3735 et
106 3683 219 3735 navium
238 3683 392 3736 ductoribus
412 3699 481 3753 quae
501 3683 532 3735 ud
552 3691 657 3750 tempos
675 3693 702 3736 et
720 3684 846 3735 instantia
865 3681 1010 3734 certamina
1027 3689 1102 3733 eraut
1120 3696 1170 3733 ae-

52 3754 244 3806 commodatsz
265 3770 299 3806 ex
317 3754 447 3807 machinis
467 3763 564 3819 sutem,
585 3756 749 3824 quaemuris
767 3753 908 3820 impositae
927 3759 1011 3818 erant,
1031 3753 1101 3804 iacta
1121 3767 1170 3804 ru.

51 3841 108 3894 pes
132 3826 157 3877 in
176 3827 279 3878 medios
298 3825 347 3877 lios
366 3825 450 3877 multo
471 3842 530 3878 cum
554 3825 673 3877 stridore
692 3824 807 3889 decidit,
825 3824 959 3877 neminem
984 3824 1090 3893 quidem
1108 3822 1169 3875 lae-
1265 3826 1283 3841 ‘

51 3898 130 3949 dens
147 3896 336 3960 Romanorum,
356 3898 478 3949 timorem
496 3904 585 3948 autem
607 3904 798 3963 stuporemque
822 3910 876 3946 uon
895 3894 1027 3947 modicum
1046 3895 1169 3947 omnibus

49 3969 197 4020 iniiciens.
234 3968 282 4023 sed
301 3966 404 4020 Phocus
431 3970 486 4019 suis
506 3967 629 4019 munibus
648 3967 744 4017 iactum
769 3965 884 4032 lapidem
902 3963 1002 4018 tollens
1027 3975 1055 4018 et
1074 3973 1168 4019 osten.

49 4041 129 4092 dens
148 4038 181 4089 iis
200 4039 246 4106 qui
268 4039 393 4103 aderant,
441 4047 538 4090 santus
567 4044 639 4088 esset
663 4043 691 4088 et
714 4051 792 4104 quam
816 4035 990 4089 iaculatorius
1015 4044 1043 4089 nt
1067 4046 1169 4090 tautum

47 4108 221 4179 pervolasse
241 4124 301 4160 eum
325 4055 514 4175 intervsiilum,
536 4115 661 4178 quautam
679 4105 749 4159 nolli
767 4108 944 4160 instrumento
963 4106 1121 4160 iaculatorio
1140 4107 1169 4157 in

45 4182 157 4234 eastris
177 4180 250 4232 cirea
268 4179 392 4234 cilicium
412 4181 558 4233 exstructis
579 4180 679 4230 eiicere
699 4179 822 4246 contigit,
842 4177 996 4231 adhortatus
1016 4186 1168 4240 estomnes,

43 4262 78 4305 nt
103 4252 206 4303 fortius
233 4267 264 4303 se
288 4252 469 4319 disponerent
496 4258 524 4303 et
548 4251 708 4318 patientins,
735 4250 835 4317 quippe
864 4250 910 4318 qui
937 4256 1029 4301 contra
1047 4247 1169 4299 homines

39 4325 261 4391 saumones
284 4330 331 4374 ant
351 4322 489 4390 Cyclopas
515 4321 631 4388 proiecti
650 4326 755 4373 esseut=
779 4322 889 4387 primam
912 4328 999 4371 sutem
1024 4318 1192 4382 custodium¹

38 4406 73 4449 et
94 4395 235 4448 virtutem
261 4395 390 4447 insistam
422 4394 553 4446 instituit:
577 4399 606 4446 et
623 4406 747 4447 sncertm
771 4392 945 4449 certissimam
961 4390 1119 4445 monstrerit
1135 4388 1169 4444 ad

101 4504 198 4565 let.
221 4505 304 4563 suas
322 4505 395 4564 sm.
955 4504 988 4557 15
