<?xml version="1.0" encoding="UTF-8"?>
<!DOCTYPE html PUBLIC "-//W3C//DTD XHTML 1.0 Transitional//EN"
    "http://www.w3.org/TR/xhtml1/DTD/xhtml1-transitional.dtd">
<html xmlns="http://www.w3.org/1999/xhtml" xml:lang="en" lang="en">
 <head>
  <title>
</title>
<meta http-equiv="Content-Type" content="text/html;charset=utf-8" />
  <meta name='ocr-system' content='tesseract 3.04.00' />
  <meta name='ocr-capabilities' content='ocr_page ocr_carea ocr_par ocr_line ocrx_word'/>
</head>
<body>
  <div class='ocr_page' id='page_1' title='image "./corpusscriptoru00berlgoog/corpusscriptoru00berlgoog_0204.png"; bbox 0 0 3150 4986; ppageno 0'>
   <div class='ocr_carea' id='block_1_1' title="bbox 545 399 1243 495">
    <p class='ocr_par' dir='ltr' id='par_1_1' title="bbox 545 399 1243 495">
     <span class='ocr_line' id='line_1_1' title="bbox 545 399 1243 495; baseline 0.001 -23"><span class='ocrx_word' id='word_1_1' title='bbox 545 404 752 472; x_wconf 68' lang='lat' dir='ltr'>mssomn</span> <span class='ocrx_word' id='word_1_2' title='bbox 1116 399 1186 473; x_wconf 83' lang='lat' dir='ltr'>soa</span> <span class='ocrx_word' id='word_1_3' title='bbox 1239 492 1243 495; x_wconf 15' lang='lat'><strong>¹</strong></span> 
     </span>
    </p>
   </div>
   <div class='ocr_carea' id='block_1_2' title="bbox 27 566 1317 2868">
    <p class='ocr_par' dir='ltr' id='par_1_2' title="bbox 27 566 1317 2868">
     <span class='ocr_line' id='line_1_2' title="bbox 84 566 1190 662; baseline 0 -27"><span class='ocrx_word' id='word_1_4' title='bbox 84 567 168 656; x_wconf 75' lang='grc' dir='ltr'><strong><em>γυνή</em></strong></span> <span class='ocrx_word' id='word_1_5' title='bbox 190 573 236 662; x_wconf 76' lang='grc' dir='ltr'><strong><em>τῷ</em></strong></span> <span class='ocrx_word' id='word_1_6' title='bbox 258 566 382 660; x_wconf 82' lang='grc' dir='ltr'><strong><em>κάστριρ</em></strong></span> <span class='ocrx_word' id='word_1_7' title='bbox 410 573 467 654; x_wconf 80' lang='grc' dir='ltr'><strong><em>τῆς</em></strong></span> <span class='ocrx_word' id='word_1_8' title='bbox 490 574 684 655; x_wconf 83' lang='grc' dir='ltr'><strong><em>Μετοβολῆς</em></strong></span> <span class='ocrx_word' id='word_1_9' title='bbox 712 572 992 657; x_wconf 75' lang='grc' dir='ltr'><strong><em>ἑμφιλοχωροῦσα,</em></strong></span> <span class='ocrx_word' id='word_1_10' title='bbox 1015 573 1070 637; x_wconf 79' lang='grc' dir='ltr'><strong><em>καί</em></strong></span> <span class='ocrx_word' id='word_1_11' title='bbox 1089 567 1190 635; x_wconf 78' lang='grc' dir='ltr'><strong><em>πλού-</em></strong></span> 
     </span>
     <span class='ocr_line' id='line_1_3' title="bbox 86 660 1189 756; baseline 0 -20"><span class='ocrx_word' id='word_1_12' title='bbox 86 695 148 736; x_wconf 87' lang='grc' dir='ltr'><strong><em>του</em></strong></span> <span class='ocrx_word' id='word_1_13' title='bbox 168 668 285 746; x_wconf 74' lang='grc' dir='ltr'><strong><em>ἱκανάς</em></strong></span> <span class='ocrx_word' id='word_1_14' title='bbox 306 668 447 753; x_wconf 80' lang='grc' dir='ltr'><strong><em>ἔχουσα,</em></strong></span> <span class='ocrx_word' id='word_1_15' title='bbox 479 669 719 756; x_wconf 73' lang='grc' dir='ltr'><strong><em>προεξωνῆοατο</em></strong></span> <span class='ocrx_word' id='word_1_16' title='bbox 740 670 795 736; x_wconf 82' lang='grc' dir='ltr'>τὸν</span> <span class='ocrx_word' id='word_1_17' title='bbox 815 667 896 734; x_wconf 83' lang='grc' dir='ltr'><strong><em>ἴδιον</em></strong></span> <span class='ocrx_word' id='word_1_18' title='bbox 918 660 1020 754; x_wconf 74' lang='grc' dir='ltr'><strong><em>ἄνδρα</em></strong></span> <span class='ocrx_word' id='word_1_19' title='bbox 1046 672 1100 736; x_wconf 84' lang='grc' dir='ltr'><strong><em>καί</em></strong></span> <span class='ocrx_word' id='word_1_20' title='bbox 1124 674 1189 756; x_wconf 85' lang='grc' dir='ltr'><strong><em>οἷμ-</em></strong></span> 
     </span>
     <span class='ocr_line' id='line_1_4' title="bbox 89 769 1190 859; baseline 0.004 -24"><span class='ocrx_word' id='word_1_21' title='bbox 89 777 237 857; x_wconf 78' lang='grc' dir='ltr'><strong><em>φοτὲρων</em></strong></span> <span class='ocrx_word' id='word_1_22' title='bbox 262 774 324 835; x_wconf 77' lang='grc' dir='ltr'>τῶν</span> <span class='ocrx_word' id='word_1_23' title='bbox 345 773 474 854; x_wconf 70' lang='grc' dir='ltr'><strong><em>ἐχθράν</em></strong></span> <span class='ocrx_word' id='word_1_24' title='bbox 495 769 723 857; x_wconf 73' lang='grc' dir='ltr'><strong><em>ἐλυτροίσατο,</em></strong></span> <span class='ocrx_word' id='word_1_25' title='bbox 753 773 866 837; x_wconf 78' lang='grc' dir='ltr'><strong><em>τούτου</em></strong></span> <span class='ocrx_word' id='word_1_26' title='bbox 888 775 947 852; x_wconf 82' lang='grc' dir='ltr'><strong><em>μὲν</em></strong></span> <span class='ocrx_word' id='word_1_27' title='bbox 971 772 1000 836; x_wconf 78' lang='lat' dir='ltr'>ot</span> <span class='ocrx_word' id='word_1_28' title='bbox 1023 779 1190 859; x_wconf 78' lang='grc' dir='ltr'><strong><em>πεμφθέν-</em></strong></span> 
     </span>
     <span class='ocr_line' id='line_1_5' title="bbox 84 869 1193 960; baseline 0.001 -23"><span class='ocrx_word' id='word_1_29' title='bbox 84 896 138 948; x_wconf 83' lang='grc' dir='ltr'>τες</span> <span class='ocrx_word' id='word_1_30' title='bbox 160 877 195 938; x_wconf 79' lang='grc' dir='ltr'>ἐκ</span> <span class='ocrx_word' id='word_1_31' title='bbox 216 876 373 955; x_wconf 79' lang='grc' dir='ltr'><strong><em>βασιλέως</em></strong></span> <span class='ocrx_word' id='word_1_32' title='bbox 395 872 564 956; x_wconf 82' lang='grc' dir='ltr'><strong><em>άπέτυχον,</em></strong></span> <span class='ocrx_word' id='word_1_33' title='bbox 588 871 642 936; x_wconf 79' lang='grc' dir='ltr'>τὸν</span> <span class='ocrx_word' id='word_1_34' title='bbox 664 875 699 939; x_wconf 79' lang='grc' dir='ltr'>δὲ</span> <span class='ocrx_word' id='word_1_35' title='bbox 724 876 877 956; x_wconf 85' lang='grc' dir='ltr'><strong><em>Καίσαρα</em></strong></span> <span class='ocrx_word' id='word_1_36' title='bbox 905 869 1001 953; x_wconf 89' lang='grc' dir='ltr'><strong><em>μόνον</em></strong></span> <span class='ocrx_word' id='word_1_37' title='bbox 1033 876 1193 960; x_wconf 69' lang='grc' dir='ltr'><strong><em>ἐξωνησά-</em></strong></span> 
     </span>
     <span class='ocr_line' id='line_1_6' title="bbox 64 970 1192 1061; baseline 0 -23"><span class='ocrx_word' id='word_1_38' title='bbox 64 988 182 1055; x_wconf 83' lang='grc' dir='ltr'><strong><em>5μενοι</em></strong></span> <span class='ocrx_word' id='word_1_39' title='bbox 197 976 351 1056; x_wconf 67' lang='grc' dir='ltr'><strong><em>ἐπανῆγον</em></strong></span> <span class='ocrx_word' id='word_1_40' title='bbox 371 973 417 1049; x_wconf 83' lang='grc' dir='ltr'><strong><em>εἰς</em></strong></span> <span class='ocrx_word' id='word_1_41' title='bbox 433 970 490 1054; x_wconf 75' lang='grc' dir='ltr'>τὴν</span> <span class='ocrx_word' id='word_1_42' title='bbox 503 975 655 1054; x_wconf 86' lang='grc' dir='ltr'><strong><em>βασιλίδα</em></strong></span> <span class='ocrx_word' id='word_1_43' title='bbox 675 978 737 1037; x_wconf 77' lang='grc' dir='ltr'>τάν</span> <span class='ocrx_word' id='word_1_44' title='bbox 758 974 889 1038; x_wconf 84' lang='grc' dir='ltr'><strong><em>πόλεων.</em></strong></span> <span class='ocrx_word' id='word_1_45' title='bbox 933 977 967 1037; x_wconf 75' lang='grc' dir='ltr'><strong><em>ἐν</em></strong></span> <span class='ocrx_word' id='word_1_46' title='bbox 989 977 1025 1039; x_wconf 80' lang='grc' dir='ltr'>δὲ</span> <span class='ocrx_word' id='word_1_47' title='bbox 1046 977 1084 1061; x_wconf 77' lang='grc' dir='ltr'><strong><em>τῇ</em></strong></span> <span class='ocrx_word' id='word_1_48' title='bbox 1100 980 1192 1059; x_wconf 83' lang='grc' dir='ltr'><strong><em>Προ-</em></strong></span> 
     </span>
     <span class='ocr_line' id='line_1_7' title="bbox 88 1056 1255 1159; baseline 0 -20"><span class='ocrx_word' id='word_1_49' title='bbox 88 1076 214 1139; x_wconf 89' lang='grc' dir='ltr'><strong><em>ποντίδι</em></strong></span> <span class='ocrx_word' id='word_1_50' title='bbox 234 1078 410 1156; x_wconf 73' lang='grc' dir='ltr'><em>γενομένων</em></span> <span class='ocrx_word' id='word_1_51' title='bbox 433 1073 539 1137; x_wconf 69' lang='lat' dir='ltr'>usionis</span> <span class='ocrx_word' id='word_1_52' title='bbox 559 1073 749 1157; x_wconf 73' lang='grc' dir='ltr'><strong><em>εὐλαβηθείς</em></strong></span> <span class='ocrx_word' id='word_1_53' title='bbox 771 1073 787 1137; x_wconf 85' lang='grc' dir='ltr'>ὁ</span> <span class='ocrx_word' id='word_1_54' title='bbox 813 1078 943 1159; x_wconf 74' lang='grc' dir='ltr'><strong><em>Καῖσαρ</em></strong></span> <span class='ocrx_word' id='word_1_55' title='bbox 966 1071 1053 1155; x_wconf 83' lang='grc' dir='ltr'><strong><em>ἴσως,</em></strong></span> <span class='ocrx_word' id='word_1_56' title='bbox 1075 1075 1127 1139; x_wconf 78' lang='grc' dir='ltr'>ἵνα</span> <span class='ocrx_word' id='word_1_57' title='bbox 1146 1073 1191 1159; x_wconf 73' lang='grc' dir='ltr'>μή</span> <span class='ocrx_word' id='word_1_58' title='bbox 1251 1056 1255 1067; x_wconf 37' lang='grc'><em>’</em></span> 
     </span>
     <span class='ocr_line' id='line_1_8' title="bbox 85 1166 1317 1261; baseline -0.004 -23"><span class='ocrx_word' id='word_1_59' title='bbox 85 1175 134 1249; x_wconf 75' lang='grc' dir='ltr'>ὥς</span> <span class='ocrx_word' id='word_1_60' title='bbox 155 1175 334 1257; x_wconf 79' lang='grc' dir='ltr'><strong><em>α’ποστάτης</em></strong></span> <span class='ocrx_word' id='word_1_61' title='bbox 360 1176 570 1261; x_wconf 64' lang='grc' dir='ltr'><strong><em>καταγνωσθῇ</em></strong></span> <span class='ocrx_word' id='word_1_62' title='bbox 590 1172 645 1236; x_wconf 82' lang='grc' dir='ltr'><strong><em>καί</em></strong></span> <span class='ocrx_word' id='word_1_63' title='bbox 666 1166 807 1249; x_wconf 72' lang='grc' dir='ltr'><strong><em>ὕποπτος</em></strong></span> <span class='ocrx_word' id='word_1_64' title='bbox 835 1171 869 1238; x_wconf 83' lang='lat' dir='ltr'>sd</span> <span class='ocrx_word' id='word_1_65' title='bbox 896 1173 957 1237; x_wconf 79' lang='grc' dir='ltr'>άπὸ</span> <span class='ocrx_word' id='word_1_66' title='bbox 992 1178 1084 1239; x_wconf 75' lang='grc' dir='ltr'><strong><em>τοῦδε</em></strong></span> <span class='ocrx_word' id='word_1_67' title='bbox 1112 1178 1317 1259; x_wconf 71' lang='grc' dir='ltr'><strong><em>τυγ-1.208τ.</em></strong></span> 
     </span>
     <span class='ocr_line' id='line_1_9' title="bbox 87 1267 1187 1361; baseline 0.003 -22"><span class='ocrx_word' id='word_1_68' title='bbox 87 1275 173 1361; x_wconf 73' lang='grc' dir='ltr'><strong><em>χάνῃ</em></strong></span> <span class='ocrx_word' id='word_1_69' title='bbox 193 1274 248 1337; x_wconf 86' lang='grc' dir='ltr'><strong><em>καί</em></strong></span> <span class='ocrx_word' id='word_1_70' title='bbox 269 1276 529 1356; x_wconf 71' lang='grc' dir='ltr'><em>περιεσκεμμένος</em></span> <span class='ocrx_word' id='word_1_71' title='bbox 553 1267 573 1356; x_wconf 75' lang='grc' dir='ltr'><em>ἢ</em></span> <span class='ocrx_word' id='word_1_72' title='bbox 594 1269 650 1337; x_wconf 84' lang='grc' dir='ltr'><strong><em>καί</em></strong></span> <span class='ocrx_word' id='word_1_73' title='bbox 670 1269 872 1358; x_wconf 74' lang='grc' dir='ltr'><strong><em>ἀπόβλητος,</em></strong></span> <span class='ocrx_word' id='word_1_74' title='bbox 904 1276 960 1339; x_wconf 70' lang='grc' dir='ltr'>οὐκ</span> <span class='ocrx_word' id='word_1_75' title='bbox 987 1273 1089 1360; x_wconf 83' lang='grc' dir='ltr'><strong><em>ἔκρινε</em></strong></span> <span class='ocrx_word' id='word_1_76' title='bbox 1106 1280 1187 1358; x_wconf 81' lang='grc' dir='ltr'><strong><em>μετά</em></strong></span> 
     </span>
     <span class='ocr_line' id='line_1_10' title="bbox 88 1371 1190 1463; baseline 0.004 -24"><span class='ocrx_word' id='word_1_77' title='bbox 88 1376 243 1458; x_wconf 72' lang='grc' dir='ltr'>κοσμικῆς</span> <span class='ocrx_word' id='word_1_78' title='bbox 262 1375 318 1456; x_wconf 77' lang='grc' dir='ltr'><strong><em>τῆς</em></strong></span> <span class='ocrx_word' id='word_1_79' title='bbox 342 1376 509 1462; x_wconf 80' lang='grc' dir='ltr'><strong><em>περιβολῆς</em></strong></span> <span class='ocrx_word' id='word_1_80' title='bbox 537 1371 700 1457; x_wconf 76' lang='grc' dir='ltr'><strong><em>ἐπιστῆναι</em></strong></span> <span class='ocrx_word' id='word_1_81' title='bbox 732 1375 775 1460; x_wconf 76' lang='grc' dir='ltr'><strong><em>τῷ</em></strong></span> <span class='ocrx_word' id='word_1_82' title='bbox 810 1377 934 1463; x_wconf 55' lang='lat' dir='ltr'>decerpi</span> <span class='ocrx_word' id='word_1_83' title='bbox 960 1381 1015 1440; x_wconf 89' lang='grc' dir='ltr'><strong><em>καί</em></strong></span> <span class='ocrx_word' id='word_1_84' title='bbox 1040 1381 1190 1461; x_wconf 74' lang='grc' dir='ltr'><strong><em>βασιλεῖ,</em></strong></span> 
     </span>
     <span class='ocr_line' id='line_1_11' title="bbox 51 1471 1189 1557; baseline 0.004 -21"><span class='ocrx_word' id='word_1_85' title='bbox 51 1474 173 1539; x_wconf 67' lang='lat' dir='ltr'>illeille</span> <span class='ocrx_word' id='word_1_86' title='bbox 189 1471 246 1556; x_wconf 71' lang='grc' dir='ltr'><strong><em>τήν</em></strong></span> <span class='ocrx_word' id='word_1_87' title='bbox 260 1472 414 1557; x_wconf 65' lang='grc' dir='ltr'><strong><em>κοσμικὴν</em></strong></span> <span class='ocrx_word' id='word_1_88' title='bbox 434 1472 672 1554; x_wconf 82' lang='grc' dir='ltr'><strong><em>α’ποβαλόμενος</em></strong></span> <span class='ocrx_word' id='word_1_89' title='bbox 688 1475 794 1555; x_wconf 85' lang='grc' dir='ltr'><strong><em>τρίχα,</em></strong></span> <span class='ocrx_word' id='word_1_90' title='bbox 813 1478 1027 1555; x_wconf 75' lang='grc' dir='ltr'><strong><em>μεταθέμενος</em></strong></span> <span class='ocrx_word' id='word_1_91' title='bbox 1049 1480 1094 1551; x_wconf 85' lang='grc' dir='ltr'><strong><em>είς</em></strong></span> <span class='ocrx_word' id='word_1_92' title='bbox 1115 1477 1189 1554; x_wconf 83' lang='grc' dir='ltr'>τούς</span> 
     </span>
     <span class='ocr_line' id='line_1_12' title="bbox 86 1563 1191 1660; baseline 0.006 -23"><span class='ocrx_word' id='word_1_93' title='bbox 86 1572 261 1658; x_wconf 81' lang='grc' dir='ltr'><strong><em>μοναχοάς,</em></strong></span> <span class='ocrx_word' id='word_1_94' title='bbox 283 1563 382 1647; x_wconf 66' lang='grc' dir='ltr'><strong><em>οὕτως</em></strong></span> <span class='ocrx_word' id='word_1_95' title='bbox 403 1575 437 1636; x_wconf 76' lang='grc' dir='ltr'><strong><em>ἐν</em></strong></span> <span class='ocrx_word' id='word_1_96' title='bbox 459 1574 582 1637; x_wconf 73' lang='grc' dir='ltr'><strong><em>ου’τελεῖ</em></strong></span> <span class='ocrx_word' id='word_1_97' title='bbox 599 1575 644 1660; x_wconf 74' lang='grc' dir='ltr'><strong><em>τῷ</em></strong></span> <span class='ocrx_word' id='word_1_98' title='bbox 665 1572 807 1657; x_wconf 72' lang='grc' dir='ltr'><strong><em>σχήματι</em></strong></span> <span class='ocrx_word' id='word_1_99' title='bbox 828 1583 892 1648; x_wconf 79' lang='grc' dir='ltr'><strong><em>τοῖς</em></strong></span> <span class='ocrx_word' id='word_1_100' title='bbox 912 1579 1087 1656; x_wconf 80' lang='grc' dir='ltr'><strong><em>βασιλείοις</em></strong></span> <span class='ocrx_word' id='word_1_101' title='bbox 1120 1583 1191 1644; x_wconf 76' lang='grc' dir='ltr'><strong><em>ἑνί-</em></strong></span> 
     </span>
     <span class='ocr_line' id='line_1_13' title="bbox 87 1671 1194 1764; baseline 0.004 -24"><span class='ocrx_word' id='word_1_102' title='bbox 87 1680 190 1756; x_wconf 84' lang='grc' dir='ltr'><strong><em>μιξεν.</em></strong></span> <span class='ocrx_word' id='word_1_103' title='bbox 234 1671 325 1737; x_wconf 78' lang='grc' dir='ltr'><strong><em>ὁπότε</em></strong></span> <span class='ocrx_word' id='word_1_104' title='bbox 352 1674 406 1737; x_wconf 86' lang='grc' dir='ltr'><strong><em>καί</em></strong></span> <span class='ocrx_word' id='word_1_105' title='bbox 427 1682 492 1750; x_wconf 83' lang='grc' dir='ltr'><strong><em>ταῖς</em></strong></span> <span class='ocrx_word' id='word_1_106' title='bbox 518 1674 698 1748; x_wconf 77' lang='grc' dir='ltr'><strong><em>εάσννίτοις</em></strong></span> <span class='ocrx_word' id='word_1_107' title='bbox 720 1672 857 1757; x_wconf 77' lang='grc' dir='ltr'><strong><em>ἀνδράσι</em></strong></span> <span class='ocrx_word' id='word_1_108' title='bbox 878 1674 1004 1758; x_wconf 77' lang='grc' dir='ltr'><strong><em>θάμβος</em></strong></span> <span class='ocrx_word' id='word_1_109' title='bbox 1026 1676 1113 1764; x_wconf 70' lang='grc' dir='ltr'><strong><em>ἐπῄει</em></strong></span> <span class='ocrx_word' id='word_1_110' title='bbox 1138 1684 1194 1744; x_wconf 80' lang='grc' dir='ltr'><strong><em>καί</em></strong></span> 
     </span>
     <span class='ocr_line' id='line_1_14' title="bbox 87 1772 1188 1864; baseline 0.004 -25"><span class='ocrx_word' id='word_1_111' title='bbox 87 1772 256 1859; x_wconf 74' lang='grc' dir='ltr'><strong><em>ἔκπληξις·</em></strong></span> <span class='ocrx_word' id='word_1_112' title='bbox 300 1776 375 1855; x_wconf 80' lang='grc' dir='ltr'><strong><em>περί</em></strong></span> <span class='ocrx_word' id='word_1_113' title='bbox 393 1772 453 1858; x_wconf 83' lang='grc' dir='ltr'>γάρ</span> <span class='ocrx_word' id='word_1_114' title='bbox 477 1775 540 1839; x_wconf 81' lang='grc' dir='ltr'>τάν</span> <span class='ocrx_word' id='word_1_115' title='bbox 569 1772 792 1858; x_wconf 84' lang='grc' dir='ltr'><strong><em>άφρανοάντοον</em></strong></span> <span class='ocrx_word' id='word_1_116' title='bbox 821 1780 878 1840; x_wconf 80' lang='grc' dir='ltr'><strong><em>καί</em></strong></span> <span class='ocrx_word' id='word_1_117' title='bbox 900 1774 940 1841; x_wconf 91' lang='grc' dir='ltr'><strong><em>τά</em></strong></span> <span class='ocrx_word' id='word_1_118' title='bbox 980 1781 1112 1843; x_wconf 80' lang='grc' dir='ltr'><strong><em>τοιαῦτα</em></strong></span> <span class='ocrx_word' id='word_1_119' title='bbox 1145 1778 1188 1864; x_wconf 74' lang='grc' dir='ltr'><em>μή</em></span> 
     </span>
     <span class='ocr_line' id='line_1_15' title="bbox 90 1873 575 1958; baseline -0.002 -18"><span class='ocrx_word' id='word_1_120' title='bbox 90 1873 321 1957; x_wconf 79' lang='grc' dir='ltr'><strong><em>διακρινόντων</em></strong></span> <span class='ocrx_word' id='word_1_121' title='bbox 343 1874 434 1958; x_wconf 85' lang='grc' dir='ltr'><strong><em>λόγος</em></strong></span> <span class='ocrx_word' id='word_1_122' title='bbox 458 1874 575 1949; x_wconf 72' lang='grc' dir='ltr'><strong><em>οὐδείς.</em></strong></span> 
     </span>
     <span class='ocr_line' id='line_1_16' title="bbox 48 1967 1189 2063; baseline 0.005 -24"><span class='ocrx_word' id='word_1_123' title='bbox 48 1988 78 2040; x_wconf 87' lang='grc'>15</span> <span class='ocrx_word' id='word_1_124' title='bbox 189 1972 294 2061; x_wconf 77' lang='grc' dir='ltr'><strong><em>Ἐπῄει</em></strong></span> <span class='ocrx_word' id='word_1_125' title='bbox 317 1967 519 2057; x_wconf 72' lang='grc' dir='ltr'><strong><em>οὖν’θάμβας</em></strong></span> <span class='ocrx_word' id='word_1_126' title='bbox 546 1985 610 2052; x_wconf 78' lang='grc' dir='ltr'><strong><em>τοῖς</em></strong></span> <span class='ocrx_word' id='word_1_127' title='bbox 631 1969 716 2051; x_wconf 78' lang='grc' dir='ltr'><strong><em>ὅπως</em></strong></span> <span class='ocrx_word' id='word_1_128' title='bbox 733 1975 762 2041; x_wconf 82' lang='grc' dir='ltr'>οἱ</span> <span class='ocrx_word' id='word_1_129' title='bbox 772 1975 939 2059; x_wconf 84' lang='grc' dir='ltr'><strong><em>Ῥωμαίων</em></strong></span> <span class='ocrx_word' id='word_1_130' title='bbox 959 1978 1097 2063; x_wconf 80' lang='grc' dir='ltr'><strong><em>άρχηγοί</em></strong></span> <span class='ocrx_word' id='word_1_131' title='bbox 1108 1978 1189 2062; x_wconf 85' lang='grc' dir='ltr'><strong><em>μετά</em></strong></span> 
     </span>
     <span class='ocr_line' id='line_1_17' title="bbox 86 2074 1192 2166; baseline 0.004 -25"><span class='ocrx_word' id='word_1_132' title='bbox 86 2074 248 2161; x_wconf 73' lang='grc' dir='ltr'><strong><em>τοσαύτης</em></strong></span> <span class='ocrx_word' id='word_1_133' title='bbox 268 2078 478 2161; x_wconf 77' lang='grc' dir='ltr'><strong><em>περιφανείας</em></strong></span> <span class='ocrx_word' id='word_1_134' title='bbox 495 2078 551 2139; x_wconf 83' lang='grc' dir='ltr'><em>καί</em></span> <span class='ocrx_word' id='word_1_135' title='bbox 574 2074 789 2161; x_wconf 84' lang='grc' dir='ltr'><strong><em>λαμπρότητας</em></strong></span> <span class='ocrx_word' id='word_1_136' title='bbox 816 2076 896 2143; x_wconf 87' lang='grc' dir='ltr'><strong><em>κατά</em></strong></span> <span class='ocrx_word' id='word_1_137' title='bbox 921 2087 987 2143; x_wconf 74' lang='grc' dir='ltr'><strong><em>ταῖν</em></strong></span> <span class='ocrx_word' id='word_1_138' title='bbox 1018 2078 1192 2166; x_wconf 75' lang='grc' dir='ltr'><strong><em>ὁμοφύλων</em></strong></span> 
     </span>
     <span class='ocr_line' id='line_1_18' title="bbox 27 2170 1192 2261; baseline 0.001 -19"><span class='ocrx_word' id='word_1_139' title='bbox 27 2184 33 2194; x_wconf 85' lang='grc'><em>’</em></span> <span class='ocrx_word' id='word_1_140' title='bbox 87 2175 378 2257; x_wconf 80' lang='grc' dir='ltr'><strong><em>εἰτιοτρατεάοντες,</em></strong></span> <span class='ocrx_word' id='word_1_141' title='bbox 412 2170 511 2250; x_wconf 69' lang='grc' dir='ltr'><strong><em>οὕτως</em></strong></span> <span class='ocrx_word' id='word_1_142' title='bbox 533 2174 652 2256; x_wconf 85' lang='grc' dir='ltr'><strong><em>α’τίμιος</em></strong></span> <span class='ocrx_word' id='word_1_143' title='bbox 674 2175 729 2240; x_wconf 80' lang='grc' dir='ltr'><strong><em>καί</em></strong></span> <span class='ocrx_word' id='word_1_144' title='bbox 751 2178 870 2261; x_wconf 80' lang='grc' dir='ltr'><strong><em>γοεράς</em></strong></span> <span class='ocrx_word' id='word_1_145' title='bbox 897 2180 953 2241; x_wconf 84' lang='grc' dir='ltr'><strong><em>καί</em></strong></span> <span class='ocrx_word' id='word_1_146' title='bbox 971 2179 1066 2258; x_wconf 76' lang='grc' dir='ltr'><strong><em>μετά</em></strong></span> <span class='ocrx_word' id='word_1_147' title='bbox 1083 2178 1192 2243; x_wconf 80' lang='lat' dir='ltr'>sosari-</span> 
     </span>
     <span class='ocr_line' id='line_1_19' title="bbox 85 2273 1193 2367; baseline 0.001 -26"><span class='ocrx_word' id='word_1_148' title='bbox 85 2300 146 2362; x_wconf 76' lang='grc' dir='ltr'><strong><em>της</em></strong></span> <span class='ocrx_word' id='word_1_149' title='bbox 167 2273 329 2367; x_wconf 66' lang='grc' dir='ltr'><strong><em>εὐτελείας</em></strong></span> <span class='ocrx_word' id='word_1_150' title='bbox 353 2273 409 2339; x_wconf 81' lang='grc' dir='ltr'><strong><em>καί</em></strong></span> <span class='ocrx_word' id='word_1_151' title='bbox 431 2274 613 2356; x_wconf 76' lang='grc' dir='ltr'><strong><em>δυσθυμίας</em></strong></span> <span class='ocrx_word' id='word_1_152' title='bbox 634 2279 819 2360; x_wconf 77' lang='grc' dir='ltr'><strong><em>πεποίηνται</em></strong></span> <span class='ocrx_word' id='word_1_153' title='bbox 841 2276 901 2360; x_wconf 69' lang='grc' dir='ltr'>τήν</span> <span class='ocrx_word' id='word_1_154' title='bbox 928 2274 1091 2357; x_wconf 78' lang='grc' dir='ltr'><strong><em>ἐπάνοδον,</em></strong></span> <span class='ocrx_word' id='word_1_155' title='bbox 1119 2281 1193 2343; x_wconf 81' lang='grc' dir='ltr'><strong><em>α’ντί</em></strong></span> 
     </span>
     <span class='ocr_line' id='line_1_20' title="bbox 84 2375 1192 2462; baseline 0 -21"><span class='ocrx_word' id='word_1_156' title='bbox 84 2381 149 2442; x_wconf 73' lang='grc' dir='ltr'><strong><em>τοῦ</em></strong></span> <span class='ocrx_word' id='word_1_157' title='bbox 167 2380 244 2462; x_wconf 89' lang='grc' dir='ltr'><strong><em>πρίν</em></strong></span> <span class='ocrx_word' id='word_1_158' title='bbox 267 2379 455 2455; x_wconf 83' lang='grc' dir='ltr'><strong><em>τελουμίνοιι</em></strong></span> <span class='ocrx_word' id='word_1_159' title='bbox 479 2383 545 2450; x_wconf 80' lang='grc' dir='ltr'><strong><em>τοῖς</em></strong></span> <span class='ocrx_word' id='word_1_160' title='bbox 567 2375 664 2440; x_wconf 83' lang='grc' dir='ltr'><strong><em>πάλαι</em></strong></span> <span class='ocrx_word' id='word_1_161' title='bbox 680 2375 852 2457; x_wconf 84' lang='grc' dir='ltr'><strong><em>Ῥωμαίοις</em></strong></span> <span class='ocrx_word' id='word_1_162' title='bbox 874 2381 1023 2461; x_wconf 82' lang='grc' dir='ltr'><strong><em>λαμπροῦ</em></strong></span> <span class='ocrx_word' id='word_1_163' title='bbox 1044 2377 1100 2442; x_wconf 81' lang='grc' dir='ltr'><strong><em>καί</em></strong></span> <span class='ocrx_word' id='word_1_164' title='bbox 1118 2402 1192 2443; x_wconf 87' lang='grc' dir='ltr'><strong><em>στε-</em></strong></span> 
     </span>
     <span class='ocr_line' id='line_1_21' title="bbox 43 2470 1192 2564; baseline -0.001 -19"><span class='ocrx_word' id='word_1_165' title='bbox 43 2474 285 2564; x_wconf 74' lang='grc' dir='ltr'><strong><em>κθφανηφόρου</em></strong></span> <span class='ocrx_word' id='word_1_166' title='bbox 308 2470 470 2561; x_wconf 77' lang='grc' dir='ltr'><strong><em>θριάμβου</em></strong></span> <span class='ocrx_word' id='word_1_167' title='bbox 502 2480 733 2560; x_wconf 81' lang='grc' dir='ltr'><strong><em>καταγέλαστον</em></strong></span> <span class='ocrx_word' id='word_1_168' title='bbox 757 2475 944 2559; x_wconf 78' lang='grc' dir='ltr'><strong><em>κατάγοντες</em></strong></span> <span class='ocrx_word' id='word_1_169' title='bbox 964 2481 1019 2541; x_wconf 77' lang='grc' dir='ltr'><strong><em>καί</em></strong></span> <span class='ocrx_word' id='word_1_170' title='bbox 1039 2503 1192 2544; x_wconf 85' lang='grc' dir='ltr'><strong><em>πανευτε-</em></strong></span> 
     </span>
     <span class='ocr_line' id='line_1_22' title="bbox 84 2569 1191 2662; baseline 0.003 -21"><span class='ocrx_word' id='word_1_171' title='bbox 84 2579 407 2661; x_wconf 20' lang='grc' dir='ltr'><strong><em>λέστατονρθίατρον,</em></strong></span> <span class='ocrx_word' id='word_1_172' title='bbox 439 2574 498 2662; x_wconf 75' lang='grc' dir='ltr'>τήν</span> <span class='ocrx_word' id='word_1_173' title='bbox 525 2569 619 2659; x_wconf 79' lang='grc' dir='ltr'><strong><em>ἧτταν</em></strong></span> <span class='ocrx_word' id='word_1_174' title='bbox 652 2579 691 2641; x_wconf 73' lang='grc' dir='ltr'>οὐ</span> <span class='ocrx_word' id='word_1_175' title='bbox 726 2578 788 2642; x_wconf 80' lang='grc' dir='ltr'>τάν</span> <span class='ocrx_word' id='word_1_176' title='bbox 818 2580 1064 2662; x_wconf 76' lang='grc' dir='ltr'><strong><em>συστρατιωτῶν</em></strong></span> <span class='ocrx_word' id='word_1_177' title='bbox 1094 2578 1191 2662; x_wconf 88' lang='grc' dir='ltr'><strong><em>μόνον</em></strong></span> 
     </span>
     <span class='ocr_line' id='line_1_23' title="bbox 85 2671 1189 2766; baseline 0.004 -25"><span class='ocrx_word' id='word_1_178' title='bbox 85 2676 171 2742; x_wconf 82' lang='grc' dir='ltr'><strong><em>α’λλά</em></strong></span> <span class='ocrx_word' id='word_1_179' title='bbox 194 2676 248 2742; x_wconf 80' lang='grc' dir='ltr'><strong><em>κατ’</em></strong></span> <span class='ocrx_word' id='word_1_180' title='bbox 268 2677 324 2763; x_wconf 76' lang='grc' dir='ltr'>τὴν</span> <span class='ocrx_word' id='word_1_181' title='bbox 346 2671 469 2742; x_wconf 72' lang='grc' dir='ltr'><strong><em>ἑαυτῶν</em></strong></span> <span class='ocrx_word' id='word_1_182' title='bbox 497 2677 712 2743; x_wconf 72' lang='grc' dir='ltr'><strong><em>κακοπάθειαν</em></strong></span> <span class='ocrx_word' id='word_1_183' title='bbox 733 2679 788 2742; x_wconf 75' lang='grc' dir='ltr'><strong><em>κατ’</em></strong></span> <span class='ocrx_word' id='word_1_184' title='bbox 817 2681 1050 2764; x_wconf 76' lang='grc' dir='ltr'><strong><em>σκληροτυγίαν</em></strong></span> <span class='ocrx_word' id='word_1_185' title='bbox 1072 2676 1189 2766; x_wconf 83' lang='grc' dir='ltr'><strong><em>δδυνη-</em></strong></span> 
     </span>
     <span class='ocr_line' id='line_1_24' title="bbox 84 2772 1190 2868; baseline 0.001 -23"><span class='ocrx_word' id='word_1_186' title='bbox 84 2783 153 2864; x_wconf 65' lang='lat' dir='ltr'>pede</span> <span class='ocrx_word' id='word_1_187' title='bbox 175 2781 434 2865; x_wconf 74' lang='grc' dir='ltr'><strong><em>θριαμβευοντες.</em></strong></span> <span class='ocrx_word' id='word_1_188' title='bbox 485 2780 517 2842; x_wconf 87' lang='grc' dir='ltr'><strong><em>τί</em></strong></span> <span class='ocrx_word' id='word_1_189' title='bbox 534 2785 650 2844; x_wconf 87' lang='grc' dir='ltr'><strong><em>τιν’τοο</em></strong></span> <span class='ocrx_word' id='word_1_190' title='bbox 672 2781 781 2863; x_wconf 76' lang='grc' dir='ltr'><strong><em>γένοιτ’</em></strong></span> <span class='ocrx_word' id='word_1_191' title='bbox 810 2772 849 2844; x_wconf 77' lang='lat' dir='ltr'>dv</span> <span class='ocrx_word' id='word_1_192' title='bbox 873 2778 1096 2868; x_wconf 79' lang='grc' dir='ltr'><strong><em>διοδηλότερον</em></strong></span> <span class='ocrx_word' id='word_1_193' title='bbox 1116 2786 1190 2846; x_wconf 76' lang='grc' dir='ltr'><strong><em>διο·</em></strong></span> 
     </span>
    </p>
   </div>
   <div class='ocr_carea' id='block_1_3' title="bbox 160 2955 1155 3035">
    <p class='ocr_par' dir='ltr' id='par_1_3' title="bbox 160 2955 1155 3035">
     <span class='ocr_line' id='line_1_25' title="bbox 160 2955 1155 3035; baseline 0.003 -24"><span class='ocrx_word' id='word_1_194' title='bbox 160 2958 204 3013; x_wconf 86' lang='lat'>10.</span> <span class='ocrx_word' id='word_1_195' title='bbox 222 2956 452 3032; x_wconf 75' lang='grc' dir='ltr'><strong><em>ἀποβολλόμινοι</em></strong></span> <span class='ocrx_word' id='word_1_196' title='bbox 470 2955 501 3013; x_wconf 78' lang='lat'>0.</span> <span class='ocrx_word' id='word_1_197' title='bbox 588 2958 630 3011; x_wconf 86' lang='lat'>15.</span> <span class='ocrx_word' id='word_1_198' title='bbox 650 2956 768 3020; x_wconf 73' lang='grc' dir='ltr'><strong><em>αδτιτςλ</em></strong></span> <span class='ocrx_word' id='word_1_199' title='bbox 785 2974 820 3011; x_wconf 83' lang='lat' dir='ltr'>su</span> <span class='ocrx_word' id='word_1_200' title='bbox 838 2968 899 3020; x_wconf 71' lang='lat' dir='ltr'>rote</span> <span class='ocrx_word' id='word_1_201' title='bbox 916 2959 1155 3035; x_wconf 75' lang='grc' dir='ltr'><strong><em>προειρημένοιςλ</em></strong></span> 
     </span>
    </p>
   </div>
   <div class='ocr_carea' id='block_1_4' title="bbox 73 3102 1269 4380">
    <p class='ocr_par' dir='ltr' id='par_1_4' title="bbox 84 3102 1189 3169">
     <span class='ocr_line' id='line_1_26' title="bbox 84 3102 1189 3169; baseline -0.002 -10"><span class='ocrx_word' id='word_1_202' title='bbox 84 3105 256 3169; x_wconf 75' lang='lat' dir='ltr'>versabunt,</span> <span class='ocrx_word' id='word_1_203' title='bbox 275 3112 303 3156; x_wconf 90' lang='lat' dir='ltr'>et</span> <span class='ocrx_word' id='word_1_204' title='bbox 320 3105 471 3157; x_wconf 83' lang='lat' dir='ltr'>divitiarum</span> <span class='ocrx_word' id='word_1_205' title='bbox 490 3105 555 3156; x_wconf 87' lang='lat' dir='ltr'>satis</span> <span class='ocrx_word' id='word_1_206' title='bbox 567 3102 690 3167; x_wconf 77' lang='lat' dir='ltr'>habebut,</span> <span class='ocrx_word' id='word_1_207' title='bbox 710 3110 788 3155; x_wconf 78' lang='lat' dir='ltr'>antea</span> <span class='ocrx_word' id='word_1_208' title='bbox 805 3104 858 3153; x_wconf 79' lang='lat' dir='ltr'>ism</span> <span class='ocrx_word' id='word_1_209' title='bbox 876 3103 1033 3157; x_wconf 73' lang='lat' dir='ltr'>redemisset</span> <span class='ocrx_word' id='word_1_210' title='bbox 1050 3121 1126 3157; x_wconf 88' lang='lat' dir='ltr'>sunm</span> <span class='ocrx_word' id='word_1_211' title='bbox 1143 3108 1189 3157; x_wconf 80' lang='lat' dir='ltr'>ri-</span> 
     </span>
    </p>

    <p class='ocr_par' dir='ltr' id='par_1_5' title="bbox 82 3173 1194 3385">
     <span class='ocr_line' id='line_1_27' title="bbox 82 3173 1194 3245; baseline -0.003 -16"><span class='ocrx_word' id='word_1_212' title='bbox 82 3193 144 3230; x_wconf 86' lang='lat' dir='ltr'>rum</span> <span class='ocrx_word' id='word_1_213' title='bbox 173 3184 201 3228; x_wconf 84' lang='lat' dir='ltr'>et</span> <span class='ocrx_word' id='word_1_214' title='bbox 230 3177 349 3245; x_wconf 89' lang='lat' dir='ltr'>utrisque</span> <span class='ocrx_word' id='word_1_215' title='bbox 375 3176 489 3227; x_wconf 88' lang='lat' dir='ltr'>inimicis</span> <span class='ocrx_word' id='word_1_216' title='bbox 514 3173 656 3239; x_wconf 83' lang='lat' dir='ltr'>solvisset,</span> <span class='ocrx_word' id='word_1_217' title='bbox 681 3173 751 3224; x_wconf 86' lang='lat' dir='ltr'>bunc</span> <span class='ocrx_word' id='word_1_218' title='bbox 770 3174 892 3241; x_wconf 86' lang='lat' dir='ltr'>quidem,</span> <span class='ocrx_word' id='word_1_219' title='bbox 923 3175 967 3241; x_wconf 88' lang='lat' dir='ltr'>qui</span> <span class='ocrx_word' id='word_1_220' title='bbox 987 3176 1059 3227; x_wconf 86' lang='lat' dir='ltr'>missi</span> <span class='ocrx_word' id='word_1_221' title='bbox 1080 3183 1156 3226; x_wconf 85' lang='lat' dir='ltr'>erant</span> <span class='ocrx_word' id='word_1_222' title='bbox 1173 3184 1194 3226; x_wconf 77' lang='grc' dir='ltr'>ιτ</span> 
     </span>
     <span class='ocr_line' id='line_1_28' title="bbox 85 3242 1190 3317; baseline -0.005 -17"><span class='ocrx_word' id='word_1_223' title='bbox 85 3264 171 3317; x_wconf 75' lang='lat' dir='ltr'>rege,</span> <span class='ocrx_word' id='word_1_224' title='bbox 190 3263 245 3300; x_wconf 86' lang='lat' dir='ltr'>nou</span> <span class='ocrx_word' id='word_1_225' title='bbox 265 3254 328 3298; x_wconf 88' lang='lat' dir='ltr'>sunt</span> <span class='ocrx_word' id='word_1_226' title='bbox 354 3248 435 3310; x_wconf 88' lang='lat' dir='ltr'>nacti,</span> <span class='ocrx_word' id='word_1_227' title='bbox 456 3247 595 3300; x_wconf 77' lang='lat' dir='ltr'>Gaesarem</span> <span class='ocrx_word' id='word_1_228' title='bbox 616 3252 703 3297; x_wconf 87' lang='lat' dir='ltr'>autem</span> <span class='ocrx_word' id='word_1_229' title='bbox 728 3242 813 3295; x_wconf 90' lang='lat' dir='ltr'>solum</span> <span class='ocrx_word' id='word_1_230' title='bbox 838 3243 1008 3296; x_wconf 89' lang='lat' dir='ltr'>redemerunt</span> <span class='ocrx_word' id='word_1_231' title='bbox 1027 3253 1054 3296; x_wconf 86' lang='lat' dir='ltr'>et</span> <span class='ocrx_word' id='word_1_232' title='bbox 1072 3247 1190 3298; x_wconf 77' lang='lat' dir='ltr'>reduxe-</span> 
     </span>
     <span class='ocr_line' id='line_1_29' title="bbox 85 3314 1190 3385; baseline -0.001 -14"><span class='ocrx_word' id='word_1_233' title='bbox 85 3328 150 3372; x_wconf 83' lang='lat' dir='ltr'>runt</span> <span class='ocrx_word' id='word_1_234' title='bbox 171 3320 200 3370; x_wconf 89' lang='lat' dir='ltr'>ln</span> <span class='ocrx_word' id='word_1_235' title='bbox 219 3319 311 3370; x_wconf 86' lang='lat' dir='ltr'>urbem</span> <span class='ocrx_word' id='word_1_236' title='bbox 331 3318 480 3385; x_wconf 74' lang='lat' dir='ltr'>capitalem.</span> <span class='ocrx_word' id='word_1_237' title='bbox 518 3332 631 3385; x_wconf 84' lang='lat' dir='ltr'>cumque</span> <span class='ocrx_word' id='word_1_238' title='bbox 652 3316 680 3367; x_wconf 90' lang='lat' dir='ltr'>iu</span> <span class='ocrx_word' id='word_1_239' title='bbox 698 3314 860 3382; x_wconf 80' lang='lat' dir='ltr'>Propontide</span> <span class='ocrx_word' id='word_1_240' title='bbox 881 3314 979 3380; x_wconf 78' lang='grc' dir='ltr'><strong><em>αιτιοι,</em></strong></span> <span class='ocrx_word' id='word_1_241' title='bbox 999 3317 1102 3368; x_wconf 87' lang='lat' dir='ltr'>veritus</span> <span class='ocrx_word' id='word_1_242' title='bbox 1118 3318 1190 3371; x_wconf 78' lang='lat' dir='ltr'>Oee-</span> 
     </span>
    </p>

    <p class='ocr_par' dir='ltr' id='par_1_6' title="bbox 83 3388 1191 3458">
     <span class='ocr_line' id='line_1_30' title="bbox 83 3388 1191 3458; baseline -0.005 -14"><span class='ocrx_word' id='word_1_243' title='bbox 83 3407 140 3453; x_wconf 82' lang='lat' dir='ltr'>sar,</span> <span class='ocrx_word' id='word_1_244' title='bbox 157 3405 195 3441; x_wconf 85' lang='lat' dir='ltr'>ue</span> <span class='ocrx_word' id='word_1_245' title='bbox 212 3390 283 3442; x_wconf 85' lang='lat' dir='ltr'>lorte</span> <span class='ocrx_word' id='word_1_246' title='bbox 303 3396 425 3458; x_wconf 83' lang='lat' dir='ltr'>tanquam</span> <span class='ocrx_word' id='word_1_247' title='bbox 444 3396 565 3456; x_wconf 87' lang='lat' dir='ltr'>apostata</span> <span class='ocrx_word' id='word_1_248' title='bbox 584 3388 751 3439; x_wconf 72' lang='lat' dir='ltr'>damnaretur</span> <span class='ocrx_word' id='word_1_249' title='bbox 770 3394 797 3437; x_wconf 91' lang='lat' dir='ltr'>et</span> <span class='ocrx_word' id='word_1_250' title='bbox 828 3395 967 3453; x_wconf 90' lang='lat' dir='ltr'>suspectus</span> <span class='ocrx_word' id='word_1_251' title='bbox 996 3395 1090 3454; x_wconf 84' lang='lat' dir='ltr'>postea</span> <span class='ocrx_word' id='word_1_252' title='bbox 1113 3389 1191 3439; x_wconf 82' lang='lat' dir='ltr'>lieret</span> 
     </span>
    </p>

    <p class='ocr_par' dir='ltr' id='par_1_7' title="bbox 84 3458 1191 3600">
     <span class='ocr_line' id='line_1_31' title="bbox 85 3458 1191 3527; baseline -0.005 -14"><span class='ocrx_word' id='word_1_253' title='bbox 85 3472 116 3513; x_wconf 86' lang='lat' dir='ltr'>et</span> <span class='ocrx_word' id='word_1_254' title='bbox 133 3464 235 3513; x_wconf 82' lang='lat' dir='ltr'>vitatus</span> <span class='ocrx_word' id='word_1_255' title='bbox 254 3468 282 3511; x_wconf 94' lang='lat' dir='ltr'>et</span> <span class='ocrx_word' id='word_1_256' title='bbox 301 3460 432 3523; x_wconf 87' lang='lat' dir='ltr'>deiectus,</span> <span class='ocrx_word' id='word_1_257' title='bbox 452 3459 562 3511; x_wconf 88' lang='lat' dir='ltr'>nolebat</span> <span class='ocrx_word' id='word_1_258' title='bbox 580 3475 638 3510; x_wconf 90' lang='lat' dir='ltr'>cum</span> <span class='ocrx_word' id='word_1_259' title='bbox 657 3460 753 3509; x_wconf 89' lang='lat' dir='ltr'>amictu</span> <span class='ocrx_word' id='word_1_260' title='bbox 772 3458 871 3527; x_wconf 76' lang='lat' dir='ltr'>insigni</span> <span class='ocrx_word' id='word_1_261' title='bbox 885 3459 996 3514; x_wconf 77' lang='lat' dir='ltr'>ndstsre</span> <span class='ocrx_word' id='word_1_262' title='bbox 1021 3468 1136 3526; x_wconf 78' lang='lat' dir='ltr'>cognato</span> <span class='ocrx_word' id='word_1_263' title='bbox 1163 3465 1191 3509; x_wconf 90' lang='lat' dir='ltr'>et</span> 
     </span>
     <span class='ocr_line' id='line_1_32' title="bbox 84 3529 1189 3600; baseline -0.005 -14"><span class='ocrx_word' id='word_1_264' title='bbox 84 3534 161 3600; x_wconf 66' lang='lat' dir='ltr'>regi,-</span> <span class='ocrx_word' id='word_1_265' title='bbox 177 3532 224 3583; x_wconf 83' lang='lat' dir='ltr'>scd</span> <span class='ocrx_word' id='word_1_266' title='bbox 235 3532 334 3598; x_wconf 78' lang='lat' dir='ltr'>insigni</span> <span class='ocrx_word' id='word_1_267' title='bbox 354 3531 476 3597; x_wconf 87' lang='lat' dir='ltr'>deposito</span> <span class='ocrx_word' id='word_1_268' title='bbox 496 3532 569 3582; x_wconf 87' lang='lat' dir='ltr'>erinc</span> <span class='ocrx_word' id='word_1_269' title='bbox 591 3539 772 3598; x_wconf 76' lang='lat' dir='ltr'>transgressus</span> <span class='ocrx_word' id='word_1_270' title='bbox 792 3530 823 3581; x_wconf 88' lang='lat' dir='ltr'>ud</span> <span class='ocrx_word' id='word_1_271' title='bbox 841 3530 986 3581; x_wconf 77' lang='lat' dir='ltr'>monachos</span> <span class='ocrx_word' id='word_1_272' title='bbox 1006 3530 1042 3580; x_wconf 87' lang='lat' dir='ltr'>ita</span> <span class='ocrx_word' id='word_1_273' title='bbox 1060 3531 1087 3581; x_wconf 88' lang='lat' dir='ltr'>in</span> <span class='ocrx_word' id='word_1_274' title='bbox 1105 3529 1189 3581; x_wconf 86' lang='lat' dir='ltr'>lorma</span> 
     </span>
    </p>

    <p class='ocr_par' dir='ltr' id='par_1_8' title="bbox 80 3600 1269 3798">
     <span class='ocr_line' id='line_1_33' title="bbox 82 3600 1269 3670; baseline -0.007 -15"><span class='ocrx_word' id='word_1_275' title='bbox 82 3604 136 3656; x_wconf 77' lang='lat' dir='ltr'>rili</span> <span class='ocrx_word' id='word_1_276' title='bbox 149 3604 252 3670; x_wconf 68' lang='lat' dir='ltr'>regium</span> <span class='ocrx_word' id='word_1_277' title='bbox 266 3601 364 3655; x_wconf 84' lang='lat' dir='ltr'>subiit:</span> <span class='ocrx_word' id='word_1_278' title='bbox 382 3602 487 3669; x_wconf 83' lang='lat' dir='ltr'>quando</span> <span class='ocrx_word' id='word_1_279' title='bbox 505 3602 583 3653; x_wconf 89' lang='lat' dir='ltr'>etiam</span> <span class='ocrx_word' id='word_1_280' title='bbox 597 3600 771 3668; x_wconf 78' lang='lat' dir='ltr'>prudentibus</span> <span class='ocrx_word' id='word_1_281' title='bbox 787 3602 853 3653; x_wconf 83' lang='lat' dir='ltr'>viris</span> <span class='ocrx_word' id='word_1_282' title='bbox 872 3610 964 3667; x_wconf 88' lang='lat' dir='ltr'>stupor</span> <span class='ocrx_word' id='word_1_283' title='bbox 983 3600 1073 3651; x_wconf 87' lang='lat' dir='ltr'>obibat</span> <span class='ocrx_word' id='word_1_284' title='bbox 1087 3610 1113 3653; x_wconf 92' lang='lat' dir='ltr'>et</span> <span class='ocrx_word' id='word_1_285' title='bbox 1125 3616 1191 3668; x_wconf 91' lang='lat' dir='ltr'>per.</span> <span class='ocrx_word' id='word_1_286' title='bbox 1264 3624 1269 3629; x_wconf 89' lang='lat'><strong>·</strong></span> 
     </span>
     <span class='ocr_line' id='line_1_34' title="bbox 81 3671 1191 3740; baseline -0.004 -13"><span class='ocrx_word' id='word_1_287' title='bbox 81 3674 220 3727; x_wconf 84' lang='lat' dir='ltr'>turbatio:</span> <span class='ocrx_word' id='word_1_288' title='bbox 241 3688 302 3725; x_wconf 85' lang='lat' dir='ltr'>nam</span> <span class='ocrx_word' id='word_1_289' title='bbox 323 3672 355 3724; x_wconf 89' lang='lat' dir='ltr'>de</span> <span class='ocrx_word' id='word_1_290' title='bbox 374 3672 583 3740; x_wconf 86' lang='lat' dir='ltr'>imprudentibus</span> <span class='ocrx_word' id='word_1_291' title='bbox 603 3673 694 3740; x_wconf 89' lang='lat' dir='ltr'>etqui</span> <span class='ocrx_word' id='word_1_292' title='bbox 714 3671 777 3724; x_wconf 87' lang='lat' dir='ltr'>talia</span> <span class='ocrx_word' id='word_1_293' title='bbox 795 3687 849 3723; x_wconf 88' lang='lat' dir='ltr'>non</span> <span class='ocrx_word' id='word_1_294' title='bbox 869 3672 1022 3736; x_wconf 85' lang='lat' dir='ltr'>diiudicent,</span> <span class='ocrx_word' id='word_1_295' title='bbox 1040 3671 1131 3724; x_wconf 86' lang='lat' dir='ltr'>nullus</span> <span class='ocrx_word' id='word_1_296' title='bbox 1150 3680 1191 3725; x_wconf 88' lang='lat' dir='ltr'>est</span> 
     </span>
     <span class='ocr_line' id='line_1_35' title="bbox 80 3760 186 3798; baseline -0.019 0"><span class='ocrx_word' id='word_1_297' title='bbox 80 3760 186 3798; x_wconf 82' lang='lat' dir='ltr'>sermo.</span> 
     </span>
    </p>

    <p class='ocr_par' dir='ltr' id='par_1_9' title="bbox 73 3813 1190 4380">
     <span class='ocr_line' id='line_1_36' title="bbox 157 3813 1189 3884; baseline -0.005 -15"><span class='ocrx_word' id='word_1_298' title='bbox 157 3868 161 3877; x_wconf 75' lang='grc'><strong><em>,</em></strong></span> <span class='ocrx_word' id='word_1_299' title='bbox 188 3813 285 3869; x_wconf 82' lang='lat' dir='ltr'>Obibat</span> <span class='ocrx_word' id='word_1_300' title='bbox 304 3828 369 3883; x_wconf 73' lang='lat' dir='ltr'>ergo</span> <span class='ocrx_word' id='word_1_301' title='bbox 389 3824 482 3882; x_wconf 86' lang='lat' dir='ltr'>stupor</span> <span class='ocrx_word' id='word_1_302' title='bbox 499 3813 550 3878; x_wconf 89' lang='lat' dir='ltr'>bis,</span> <span class='ocrx_word' id='word_1_303' title='bbox 570 3814 639 3883; x_wconf 89' lang='lat' dir='ltr'>quod</span> <span class='ocrx_word' id='word_1_304' title='bbox 657 3813 816 3867; x_wconf 86' lang='lat' dir='ltr'>Graecorum</span> <span class='ocrx_word' id='word_1_305' title='bbox 826 3813 907 3865; x_wconf 87' lang='lat' dir='ltr'>duces</span> <span class='ocrx_word' id='word_1_306' title='bbox 925 3829 984 3865; x_wconf 91' lang='lat' dir='ltr'>cum</span> <span class='ocrx_word' id='word_1_307' title='bbox 1003 3822 1076 3866; x_wconf 88' lang='lat' dir='ltr'>tanto</span> <span class='ocrx_word' id='word_1_308' title='bbox 1094 3815 1189 3884; x_wconf 88' lang='lat' dir='ltr'>splen.</span> 
     </span>
     <span class='ocr_line' id='line_1_37' title="bbox 80 3885 1190 3953; baseline -0.003 -12"><span class='ocrx_word' id='word_1_309' title='bbox 80 3890 200 3941; x_wconf 79' lang='lat' dir='ltr'>dorset</span> <span class='ocrx_word' id='word_1_310' title='bbox 226 3886 342 3939; x_wconf 87' lang='lat' dir='ltr'>candore</span> <span class='ocrx_word' id='word_1_311' title='bbox 369 3894 463 3937; x_wconf 87' lang='lat' dir='ltr'>contra</span> <span class='ocrx_word' id='word_1_312' title='bbox 490 3893 618 3953; x_wconf 76' lang='lat' dir='ltr'>cognatos</span> <span class='ocrx_word' id='word_1_313' title='bbox 644 3885 801 3949; x_wconf 80' lang='lat' dir='ltr'>bellantes,</span> <span class='ocrx_word' id='word_1_314' title='bbox 831 3893 882 3935; x_wconf 88' lang='lat' dir='ltr'>tam</span> <span class='ocrx_word' id='word_1_315' title='bbox 903 3887 1016 3953; x_wconf 85' lang='lat' dir='ltr'>turpiter</span> <span class='ocrx_word' id='word_1_316' title='bbox 1043 3895 1069 3938; x_wconf 86' lang='lat' dir='ltr'>et</span> <span class='ocrx_word' id='word_1_317' title='bbox 1093 3889 1190 3940; x_wconf 85' lang='lat' dir='ltr'>misere</span> 
     </span>
     <span class='ocr_line' id='line_1_38' title="bbox 80 3955 1189 4026; baseline -0.001 -14"><span class='ocrx_word' id='word_1_318' title='bbox 80 3969 110 4012; x_wconf 89' lang='lat' dir='ltr'>et</span> <span class='ocrx_word' id='word_1_319' title='bbox 129 3958 181 4011; x_wconf 81' lang='lat' dir='ltr'>tali</span> <span class='ocrx_word' id='word_1_320' title='bbox 201 3974 260 4009; x_wconf 89' lang='lat' dir='ltr'>cnm</span> <span class='ocrx_word' id='word_1_321' title='bbox 280 3955 386 4008; x_wconf 75' lang='lat' dir='ltr'>vilitate</span> <span class='ocrx_word' id='word_1_322' title='bbox 406 3966 434 4009; x_wconf 87' lang='lat' dir='ltr'>et</span> <span class='ocrx_word' id='word_1_323' title='bbox 451 3958 531 4009; x_wconf 88' lang='lat' dir='ltr'>animi</span> <span class='ocrx_word' id='word_1_324' title='bbox 550 3955 702 4008; x_wconf 87' lang='lat' dir='ltr'>abiectione</span> <span class='ocrx_word' id='word_1_325' title='bbox 720 3964 793 4008; x_wconf 88' lang='lat' dir='ltr'>retro</span> <span class='ocrx_word' id='word_1_326' title='bbox 813 3956 901 4008; x_wconf 86' lang='lat' dir='ltr'>ierunt</span> <span class='ocrx_word' id='word_1_327' title='bbox 917 3972 965 4023; x_wconf 93' lang='lat' dir='ltr'>pro</span> <span class='ocrx_word' id='word_1_328' title='bbox 984 3966 1063 4009; x_wconf 88' lang='lat' dir='ltr'>antea</span> <span class='ocrx_word' id='word_1_329' title='bbox 1081 3967 1189 4026; x_wconf 87' lang='lat' dir='ltr'>peracto</span> 
     </span>
     <span class='ocr_line' id='line_1_39' title="bbox 78 4025 1190 4099; baseline 0 -17"><span class='ocrx_word' id='word_1_330' title='bbox 78 4048 96 4082; x_wconf 88' lang='lat' dir='ltr'>a</span> <span class='ocrx_word' id='word_1_331' title='bbox 120 4030 222 4099; x_wconf 87' lang='lat' dir='ltr'>priscis</span> <span class='ocrx_word' id='word_1_332' title='bbox 243 4028 352 4081; x_wconf 86' lang='lat' dir='ltr'>Graecis</span> <span class='ocrx_word' id='word_1_333' title='bbox 371 4027 511 4094; x_wconf 87' lang='lat' dir='ltr'>splendido</span> <span class='ocrx_word' id='word_1_334' title='bbox 531 4035 558 4079; x_wconf 89' lang='lat' dir='ltr'>et</span> <span class='ocrx_word' id='word_1_335' title='bbox 577 4035 704 4078; x_wconf 88' lang='lat' dir='ltr'>coronato</span> <span class='ocrx_word' id='word_1_336' title='bbox 724 4025 855 4093; x_wconf 86' lang='lat' dir='ltr'>triumpho</span> <span class='ocrx_word' id='word_1_337' title='bbox 875 4028 1014 4079; x_wconf 89' lang='lat' dir='ltr'>ridiculum</span> <span class='ocrx_word' id='word_1_338' title='bbox 1028 4030 1190 4082; x_wconf 85' lang='lat' dir='ltr'>deducentes</span> 
     </span>
     <span class='ocr_line' id='line_1_40' title="bbox 77 4096 1190 4167; baseline -0.004 -14"><span class='ocrx_word' id='word_1_339' title='bbox 77 4110 109 4153; x_wconf 85' lang='lat' dir='ltr'>ct</span> <span class='ocrx_word' id='word_1_340' title='bbox 129 4099 291 4152; x_wconf 80' lang='lat' dir='ltr'>vilissimum</span> <span class='ocrx_word' id='word_1_341' title='bbox 308 4098 500 4165; x_wconf 80' lang='lat' dir='ltr'>spectaculum,</span> <span class='ocrx_word' id='word_1_342' title='bbox 519 4100 552 4151; x_wconf 91' lang='lat' dir='ltr'>de</span> <span class='ocrx_word' id='word_1_343' title='bbox 574 4096 650 4149; x_wconf 91' lang='lat' dir='ltr'>clade</span> <span class='ocrx_word' id='word_1_344' title='bbox 670 4108 724 4149; x_wconf 91' lang='lat' dir='ltr'>non</span> <span class='ocrx_word' id='word_1_345' title='bbox 743 4096 907 4166; x_wconf 76' lang='lat' dir='ltr'>collegarum</span> <span class='ocrx_word' id='word_1_346' title='bbox 926 4099 1079 4151; x_wconf 86' lang='lat' dir='ltr'>militarium</span> <span class='ocrx_word' id='word_1_347' title='bbox 1091 4100 1190 4167; x_wconf 67' lang='lat' dir='ltr'>⁸solum</span> 
     </span>
     <span class='ocr_line' id='line_1_41' title="bbox 75 4169 1187 4238; baseline -0.006 -13"><span class='ocrx_word' id='word_1_348' title='bbox 75 4173 130 4225; x_wconf 86' lang='lat' dir='ltr'>sed</span> <span class='ocrx_word' id='word_1_349' title='bbox 154 4172 237 4223; x_wconf 82' lang='lat' dir='ltr'>etiam</span> <span class='ocrx_word' id='word_1_350' title='bbox 263 4171 297 4222; x_wconf 92' lang='lat' dir='ltr'>de</span> <span class='ocrx_word' id='word_1_351' title='bbox 328 4185 375 4221; x_wconf 86' lang='lat' dir='ltr'>sua</span> <span class='ocrx_word' id='word_1_352' title='bbox 404 4170 509 4222; x_wconf 79' lang='lat' dir='ltr'>fortuna</span> <span class='ocrx_word' id='word_1_353' title='bbox 545 4177 572 4219; x_wconf 89' lang='lat' dir='ltr'>et</span> <span class='ocrx_word' id='word_1_354' title='bbox 601 4169 751 4232; x_wconf 85' lang='lat' dir='ltr'>calamitate</span> <span class='ocrx_word' id='word_1_355' title='bbox 779 4169 843 4222; x_wconf 90' lang='lat' dir='ltr'>dura</span> <span class='ocrx_word' id='word_1_356' title='bbox 870 4173 967 4223; x_wconf 89' lang='lat' dir='ltr'>misere</span> <span class='ocrx_word' id='word_1_357' title='bbox 986 4171 1187 4238; x_wconf 76' lang='lat' dir='ltr'>triumphantes.</span> 
     </span>
     <span class='ocr_line' id='line_1_42' title="bbox 74 4240 1188 4313; baseline -0.007 -18"><span class='ocrx_word' id='word_1_358' title='bbox 74 4244 146 4313; x_wconf 82' lang='lat' dir='ltr'>quid</span> <span class='ocrx_word' id='word_1_359' title='bbox 166 4242 219 4293; x_wconf 78' lang='lat' dir='ltr'>buc</span> <span class='ocrx_word' id='word_1_360' title='bbox 240 4257 270 4292; x_wconf 88' lang='lat' dir='ltr'>re</span> <span class='ocrx_word' id='word_1_361' title='bbox 290 4246 380 4308; x_wconf 91' lang='lat' dir='ltr'>potest</span> <span class='ocrx_word' id='word_1_362' title='bbox 398 4256 458 4294; x_wconf 91' lang='lat' dir='ltr'>esse</span> <span class='ocrx_word' id='word_1_363' title='bbox 473 4240 572 4292; x_wconf 88' lang='lat' dir='ltr'>clarius</span> <span class='ocrx_word' id='word_1_364' title='bbox 591 4241 687 4292; x_wconf 82' lang='lat' dir='ltr'>mentis</span> <span class='ocrx_word' id='word_1_365' title='bbox 708 4240 839 4293; x_wconf 86' lang='lat' dir='ltr'>alienatae</span> <span class='ocrx_word' id='word_1_366' title='bbox 862 4240 1076 4294; x_wconf 79' lang='lat' dir='ltr'>documentum?</span> <span class='ocrx_word' id='word_1_367' title='bbox 1094 4255 1188 4310; x_wconf 87' lang='lat' dir='ltr'>quam.</span> 
     </span>
     <span class='ocr_line' id='line_1_43' title="bbox 73 4311 1188 4380; baseline -0.005 -12"><span class='ocrx_word' id='word_1_368' title='bbox 73 4316 177 4368; x_wconf 83' lang='lat' dir='ltr'>obrem</span> <span class='ocrx_word' id='word_1_369' title='bbox 200 4315 280 4365; x_wconf 82' lang='lat' dir='ltr'>ctiam</span> <span class='ocrx_word' id='word_1_370' title='bbox 299 4312 437 4364; x_wconf 79' lang='lat' dir='ltr'>admiratio</span> <span class='ocrx_word' id='word_1_371' title='bbox 457 4326 499 4364; x_wconf 86' lang='lat' dir='ltr'>me</span> <span class='ocrx_word' id='word_1_372' title='bbox 519 4313 650 4378; x_wconf 87' lang='lat' dir='ltr'>incessit,</span> <span class='ocrx_word' id='word_1_373' title='bbox 678 4314 810 4380; x_wconf 85' lang='lat' dir='ltr'>quomodo</span> <span class='ocrx_word' id='word_1_374' title='bbox 830 4311 990 4366; x_wconf 85' lang='lat' dir='ltr'>Graecorum</span> <span class='ocrx_word' id='word_1_375' title='bbox 1008 4326 1103 4378; x_wconf 76' lang='lat' dir='ltr'>reges,</span> <span class='ocrx_word' id='word_1_376' title='bbox 1129 4324 1188 4363; x_wconf 87' lang='lat' dir='ltr'>curu</span> 
     </span>
    </p>
   </div>
   <div class='ocr_carea' id='block_1_5' title="bbox 133 4406 993 4489">
    <p class='ocr_par' dir='ltr' id='par_1_10' title="bbox 133 4406 993 4489">
     <span class='ocr_line' id='line_1_44' title="bbox 133 4406 993 4489; baseline -0.005 -25"><span class='ocrx_word' id='word_1_377' title='bbox 133 4409 219 4465; x_wconf 74' lang='grc' dir='ltr'><strong><em>και.</em></strong></span> <span class='ocrx_word' id='word_1_378' title='bbox 236 4406 321 4462; x_wconf 71' lang='lat' dir='ltr'>sust.</span> <span class='ocrx_word' id='word_1_379' title='bbox 342 4407 409 4464; x_wconf 76' lang='lat' dir='ltr'>sss.</span> <span class='ocrx_word' id='word_1_380' title='bbox 882 4482 886 4489; x_wconf 6' lang='grc' dir='ltr'><strong><em>ρ</em></strong></span> <span class='ocrx_word' id='word_1_381' title='bbox 961 4408 993 4460; x_wconf 79' lang='grc' dir='ltr'><strong><em>ιο</em></strong></span> 
     </span>
    </p>
   </div>
   <div class='ocr_carea' id='block_1_6' title="bbox 0 0 1580 4986">
    <p class='ocr_par' dir='ltr' id='par_1_11' title="bbox 0 0 1580 4986">
     <span class='ocr_line' id='line_1_45' title="bbox 0 0 1580 4986; baseline 0 7"><span class='ocrx_word' id='word_1_382' title='bbox 0 0 1580 4986; x_wconf 95' lang='lat' dir='ltr'> </span> 
     </span>
    </p>
   </div>
  </div>
 </body>
</html>
