3150 4986
547 302 754 373 utswml.
1127 304 1196 377 165

93 467 216 553 σκηνήν
238 466 478 550 όποτευχθήναι
500 467 560 530 καί
575 469 752 549 θεραπείαν
776 464 990 551 ἁρμόζουσαν,
1013 433 1200 535 σόνδειπνον

93 565 198 633 αὐτόν
233 567 347 631 αδτίκα
367 568 424 630 καί
452 564 635 646 ὁμοδίαιτον
667 569 899 651 ἀπειργάσατο,
924 570 969 653 μή
993 571 1081 655 παρὰ
1103 574 1201 654 μέρος

92 671 234 743 καθίσας
256 666 364 748 adsis,
385 664 467 732 α’λλό
488 667 662 750 σύνθρονον
679 669 712 732 δν
730 665 878 753 criticen
896 674 953 754 τῆς
973 673 1117 755 ἐκκρίτου
1139 670 1200 735 τα’-

93 773 173 847 ξεως
194 768 250 831 καί
270 763 423 847 ὁμόδοξον
450 766 531 830 κατὰ
560 768 618 850 τήν
648 767 744 851 τιμήν
764 768 994 853 ποιησόμενος.
1045 763 1128 834 οότω
1150 774 1199 847 δίς

69 873 150 953 οτής
171 868 294 954 ἡμέρας
315 869 545 951 συνερχόμενος
563 864 663 958 τοότιρ
686 874 742 933 καί
761 873 936 950 συλλαλιόν,
960 870 1015 935 καί
1035 873 1115 954 πρός
1134 898 1199 936 πα-

93 964 250 1052 ροίκλησιν
272 964 495 1047 ἀνακτώμενος
514 963 567 1032 διό
591 974 715 1034 πολλῶν
736 969 927 1058 ἐπρσμότων
951 970 1130 1054 όναγόντων
1151 976 1198 1048 εἰς

91 1067 150 1150 τήν
172 1064 327 1148 βιωτικήν
352 1070 567 1152 περιπέτειαν,
590 1073 704 1150 μέχρις
726 1069 863 1151 ’ήμεραόν
885 1069 967 1134 δκτοό
996 1074 1057 1135 reis
1078 1071 1198 1151 ὁμοίων

94 1165 184 1253 crissi
204 1163 438 1230 ε’κοινοόνει’και“
460 1164 561 1248 λόγων
585 1170 640 1230 καί
662 1166 757 1249 ἅλιόν,
779 1170 861 1251 μηδὲ
880 1171 977 1249 μέχρι
999 1171 1054 1234 καί
1069 1174 1198 1253 βραχυ-

92 1265 192 1331 τοὶτου
215 1265 312 1347 λόγου
334 1264 414 1349 πρός
442 1270 552 1331 τοῦτον
574 1266 864 1357 ἐμπεπαρρινηκοός,
887 1263 908 1353 ή
929 1263 1000 1335 ὅσον
1021 1271 1198 1336 δοκούντων

54 1369 191 1437 toseriis
226 1365 426 1450 σφαλμάτων
463 1369 497 1431 ἐν
531 1370 570 1456 τῇ
604 1363 707 1433 ἐλάσει
736 1372 793 1452 τής
820 1373 975 1454 στρατιᾶς
1005 1369 1197 1456 ὑπομνήσας,

92 1466 190 1531 όπότν
211 1466 268 1529 καί
288 1461 307 1550 ή
329 1470 387 1531 τοῦ
405 1471 483 1531 θεοῦ
510 1475 610 1553 κρίσις
630 1467 713 1549 μετὰ
735 1473 799 1535 τοόν
820 1462 925 1535 ἄλλων
957 1472 1124 1536 κάνταῦθα
1146 1474 1199 1536 δι-

92 1572 168 1633 καία
193 1567 248 1632 καί
277 1567 418 1651 οἷρρεπής
447 1572 640 1655 serendos„
669 1571 707 1634 osi
740 1571 800 1654 γόρ
828 1570 857 1636 οἱ
886 1564 976 1637 ἄλλοι
997 1572 1094 1654 μόνον
1115 1573 1196 1638 α’λλό

92 1669 149 1733 καί
169 1665 268 1743 αιίτδς
290 1667 307 1731 ο”
333 1669 470 1744 ιλλωθείς
491 1671 643 1750 βασιλεύς
667 1664 754 1749 όξιον
784 1667 867 1738 εἶναι
891 1679 980 1738 νικᾶν
1002 1674 1100 1738 αότόν
1119 1675 1197 1738 sins·

92 1766 228 1855 φήνατο,
252 1770 283 1833 εἰ
302 1767 397 1850 νόμον
414 1768 457 1854 μή
482 1769 564 1853 ἔχων
589 1772 715 1853 α’γαποῐν
743 1774 819 1849 τοός
838 1773 979 1859 ίχθροός
999 1775 1198 1859 δυεπαισθή-

52 1881 81 1933 15
91 1864 155 1946 τ’ως
177 1878 267 1933 ποιεί
284 1869 339 1935 τόν
360 1875 447 1935 θεῖον
468 1869 565 1953 νόμον
579 1875 613 1937 ἐκ
635 1878 773 1959 φυσικής
794 1879 849 1940 καί
863 1869 989 1958 ἆγαθής
1005 1878 1197 1952 διαθέσεως·

90 1969 133 2032 ου’
154 1968 217 2055 γάρ
241 1978 307 2044 τοῖς
343 1967 539 2055 δπερόπταις
568 1972 808 2060 όπαντίφορος
829 1974 996 2060 ὀφθαλμός
1027 1974 1105 2039 ἄλλό
1133 1987 1198 2052 τοῖς

92 2079 253 2146 ταπεινοῖς
273 2076 328 2136 καί
349 2076 534 2153 συμπαθίσι
554 2071 588 2139 τό
612 2072 728 2156 κρότος
749 2084 941 2157 χειροτονεῖ,
973 2078 1044 2139 ἐπεί
1062 2077 1108 2162 μή
1130 2075 1197 2142 ἔστι

89 2177 359 2255 προσωπολήψία,
380 2171 460 2238 κατὰ
482 2175 535 2238 τόν
557 2179 645 2267 θεῖον
659 2179 796 2239 Παῦλον
812 2178 922 2256 εἰπεῖν,
945 2176 1032 2258 παρὰ
1056 2179 1098 2263 τῷ
1117 2181 1194 2264 θεῷ.

91 2274 146 2336 καί
168 2268 232 2354 γόρ
266 2268 301 2336 ἔν
325 2296 388 2337 τινι
420 2277 562 2364 συλλόγῳ
585 2274 834 2367 διερωτήσαντος
864 2278 922 2340 τοῦ
943 2276 1120 2340 σουλτόνου
1143 2275 1196 2340 τόν

47 2375 226 2453 collocetis
242 2366 299 2436 “rt'
316 2368 355 2436 όν
366 2370 504 2457 ἔδρασας
516 2379 547 2440 εἰ
565 2371 664 2449 οὕτως
682 2372 773 2457 ἔσχες
792 2375 886 2451 ου’τός
902 2379 958 2456 ἐμὲ
981 2374 1198 2457 όποχει’ριον;”

89 2472 311 2559 α’νυποκρίτως
334 2472 390 2538 καί
409 2474 603 2551 α’θωπεότως
630 2481 745 2549 ἐκεῖνος
772 2474 958 2559 εἰσήγγειλεν
974 2470 1045 2539 “ότι
1066 2481 1196 2553 πολλαῖς

87 2581 161 2648 ταῖς
195 2579 330 2659 πλήγαίς
359 2572 601 2668 κατεδαπόνήρό
633 2600 690 2642 σου
721 2573 754 2640 τό
790 2580 883 2657 στόμα
913 2575 1076 2661 γίνωσκε.”
1119 2577 1135 2640 ό
1160 2579 1195 2642 δὲ

81 2671 178 2736 “α’λλ’
200 2667 293 2759 όγοόῆ
315 2678 413 2762 φησίν
428 2674 489 2740 “od
509 2676 693 2760 μιμήσομαί
713 2699 772 2741 σου
795 2674 830 2741 τό
856 2677 1017 2761 ου’στήρόν
1038 2679 1091 2743 καί
1111 2672 1195 2742 όπό-

87 2996 236 3050 tcntoriom
264 3002 401 3062 psrsretnr
429 3004 456 3048 ct
477 2995 565 3050 cultos
590 2998 717 3064 idoneus,
744 3013 846 3051 coense
874 3015 934 3051 eum
953 3002 1040 3053 stetim
1060 3009 1086 3052 et
1106 3003 1193 3056 rictus

86 3069 195 3121 νοτίοισι
213 3067 337 3132 reddidit,
359 3083 417 3119 cum
437 3084 496 3120 eum
514 3084 568 3121 non
586 3078 693 3136 praeter
711 3070 830 3121 ordinem
850 3072 1035 3133 constitueret,
1055 3072 1102 3122 scd
1121 3075 1194 3124 sssi-

85 3140 198 3193 dentem
223 3139 341 3206 ingenue
370 3138 457 3191 electo
476 3139 593 3193 concilio
614 3147 641 3191 et
663 3156 748 3207 oeque
769 3140 871 3190 honore
899 3140 1060 3192 celebratum
1081 3142 1192 3193 luceret.

86 3213 123 3263 its
144 3210 189 3262 bis
208 3225 256 3278 per
277 3209 346 3261 diem
365 3211 396 3261 od
417 3211 486 3262 hunc
507 3213 618 3263 veniens
638 3217 665 3262 et
684 3209 857 3263 confabulans
889 3227 947 3261 cum
967 3226 999 3261 eo
1020 3218 1046 3261 et
1065 3212 1097 3263 ed
1116 3210 1192 3263 sols.

85 3285 153 3334 tium
181 3284 327 3333 restituens
352 3282 440 3334 moltis
459 3282 645 3347 sermonibus,
665 3282 709 3350 qui
729 3281 800 3334 vitoe
828 3282 998 3333 mutationem
1024 3289 1193 3345 revocarent,

86 3371 135 3423 per
157 3361 221 3405 octo
240 3353 297 3404 dies
318 3368 376 3403 cum
403 3368 435 3404 eo
463 3355 554 3407 codem
582 3353 790 3405 communicabat
816 3353 898 3405 verbn
925 3361 950 3404 et
969 3352 1061 3417 sulem,
1081 3369 1139 3404 com
1158 3368 1194 3404 nc

87 3430 114 3480 in
133 3425 248 3478 minimo
267 3423 372 3491 quidem
390 3441 513 3477 sermone
533 3426 602 3479 hunc
624 3425 772 3477 ollenderet
797 3442 884 3494 neque
905 3426 1076 3492 qbosdsmin
1097 3441 1193 3494 perse-

87 3499 201 3551 cutione
233 3496 367 3547 exercitus
386 3510 491 3549 errores
510 3506 748 3563 commemoraret,
774 3498 877 3567 quondo
898 3499 977 3550 otium
1004 3498 1048 3550 dci
1067 3497 1194 3549 iudicium

87 3579 116 3623 ct
134 3572 165 3621 in
187 3567 285 3618 ceteris
304 3567 341 3618 ito
360 3566 405 3618 hic
424 3584 530 3637 quoque
549 3571 645 3621 iustum
667 3578 693 3622 et
712 3571 846 3621 immotum
864 3572 995 3639 apposuit.
1016 3586 1103 3638 neque
1122 3569 1191 3620 enim

86 3640 177 3694 ceteri
195 3636 283 3689 solum
301 3638 347 3690 sed
369 3646 396 3690 et
413 3640 472 3708 ipse
491 3656 539 3692 rex
560 3650 651 3710 coptus
677 3642 784 3709 dignum
805 3658 864 3692 eum
885 3658 944 3695 csse
965 3642 1080 3692 victorio
1099 3640 1192 3693 dcclo.

84 3714 171 3774 revit,
192 3710 316 3776 quonism
336 3709 423 3778 legem
451 3727 505 3763 nou
525 3711 625 3765 labens
650 3712 779 3781 diligendi
805 3713 896 3766 hostes
915 3713 1014 3765 sensim
1032 3712 1082 3765 sibi
1102 3714 1194 3764 statuit

85 3785 181 3854 legem
200 3781 318 3833 divinem
338 3798 353 3832 ο
372 3781 441 3834 bono
469 3792 580 3835 nsturoc
598 3798 662 3836 succ
684 3784 874 3851 dispositione:
900 3800 988 3851 neque
1008 3785 1077 3835 onim
1096 3800 1193 3853 super.

84 3856 126 3909 bis
156 3853 248 3904 omnis
271 3853 453 3922 contemplans
482 3855 555 3925 (dci)
587 3855 682 3907 ocolus
706 3856 753 3907 scd
772 3855 896 3907 tenuibus
922 3863 948 3906 et
978 3857 1194 3909 misericordibus

85 3926 235 3979 victoriam
255 3924 357 3988 tribuit,
377 3942 435 3976 cum
453 3941 506 3978 nou
527 3928 571 3991 sit,
595 3936 624 3978 ut
641 3927 785 3978 secundom
803 3925 913 3978 Paulum
931 3926 1021 3978 divum
1042 3927 1193 3997 loquemur,

85 4014 179 4051 cerum
198 3995 250 4047 deo
269 3995 418 4048 nobilitatis
435 4005 589 4065 respectus:
609 4012 667 4048 cum
687 3998 756 4048 cuim
776 4013 824 4065 per
842 3998 1007 4067 colloquium
1025 4001 1194 4068 interroges-

84 4079 129 4122 set
150 4066 277 4121 scissum
299 4083 401 4135 regom,
422 4070 484 4135 quid
504 4077 541 4131 to,
560 4070 657 4136 inquit,
678 4068 805 4133 fecisses,
824 4071 846 4121 si
868 4072 904 4121 ita
924 4085 964 4121 me
984 4069 1041 4138 ipse
1061 4071 1192 4123 subditum

85 4142 243 4202 lssbnisscs,
263 4139 311 4191 ille
332 4140 438 4191 sincere
459 4149 485 4190 ct
503 4141 562 4190 siue
582 4139 638 4191 olle
657 4142 837 4193 assentatione
856 4142 1008 4210 respondit:
1029 4143 1132 4208 accipe,
1151 4155 1193 4189 mo

85 4221 163 4266 tunm
195 4222 295 4278 corpus
327 4209 417 4263 multis
445 4209 602 4265 verberibus
630 4210 813 4265 coniecturum
840 4213 934 4267 luisse.
978 4220 1031 4265 tum
1059 4213 1117 4264 liic:
1146 4208 1194 4261 scd
