3150 4986
597 367 805 439 eunoun.
893 446 901 462 ,
1172 372 1247 449 ιιι

146 556 209 599 σαν
228 534 297 617 γῆς.
339 531 361 617 η’
380 532 583 616 γόρἻβηριά
605 537 722 618 κυρίως
741 530 795 598 καί
814 529 894 616 αὕτη
920 532 1151 620 disserturum
1171 536 1252 622 πρός

145 633 186 702 τό
206 634 347 716 δυσμικὰ
380 635 463 718 μέρη
490 635 544 718 τῆς
560 632 691 718 Ῥώμης
716 630 907 718 διάκεινται,
930 632 1009 718 πρός
1029 634 1086 701 τόν
1106 633 1252 724 ἑσπέριον

146 730 295 821 οόκεανόν,
315 728 387 819 ἥτις
409 736 466 799 νόν
483 733 628 800 Ἶσπανία
648 734 919 819 κατονομάζεται.
963 737 1019 820 τῆς
1036 736 1166 823 Ῥώμης
1187 738 1249 823 γὰρ

145 833 229 922 όπὲρ
249 833 307 922 τὴν
325 836 462 902 Ἰταλίαν
482 838 625 921 κειμένης
636 835 674 901 τό
693 838 752 918 μὲν
773 834 854 922 πρός
872 830 961 921 ἥλιον
975 836 1148 921 α’νίσχουτα
1167 842 1251 926 μέρη

118 929 215 1003 δὸυω
226 940 256 1002 Γ
253 940 361 1003 αλλίαι
383 934 634 1020 διονομόζοντατ,
653 934 693 1002 τό
716 940 752 1002 δέ
767 936 846 1019 πρός
865 932 956 1020 ἥλιον
979 937 1116 1004 δύνοντα
1135 940 1250 1021 μέχρις

135 1029 284 1103 Ἀλπτων
317 1034 402 1120 όρτόν
427 1032 529 1117 κότω,
559 1031 640 1099 όπου
660 1036 760 1120 edroi
783 1039 941 1119 Νεμιτζία
964 1040 1171 1122 γνωρίζεται,
1194 1034 1250 1105 τόν

143 1136 229 1204 ἴδιον
257 1129 399 1221 όιρχοντα
424 1135 510 1223 δῆμοι
531 1136 803 1219 κατονομόζουσα.
856 1136 895 1203 τό
926 1140 962 1203 δέ
984 1141 1064 1223 πρός
1094 1136 1249 1225 έγιίόρσια

141 1242 227 1324 μέρη
250 1240 312 1302 τοόν
329 1231 475 1306 'Aturus
509 1235 553 1312 τός
573 1234 654 1319 πρός
681 1235 772 1304 νότον
793 1232 872 1322 ἇχρι
902 1243 961 1306 τοῦ
981 1234 1250 1329 ἓσπερίονιαόκεα-

142 1341 204 1402 νοῦ
225 1338 346 1424 Ἰβηρία
374 1340 429 1404 καί
450 1340 647 1423 Κελτιβηρίοι
669 1339 829 1422 έλέγοντσ,
850 1342 913 1406 τόν
940 1338 1128 1425 εἰσρεόντων
1148 1343 1249 1408 ι’κεῖσε

102 1454 134 1509 tt
143 1441 299 1520 ποταμοῖν
319 1441 357 1527 τῇ
376 1436 470 1529 χώρη
489 1442 717 1524 χαριοαμένων
739 1439 830 1505 τουτί
848 1440 882 1506 τό
908 1434 1019 1523 ὄνομα.
1043 1444 1168 1508 ἐκεῖθεν
1186 1445 1246 1528 γάρ

141 1540 200 1605 τόν
220 1543 280 1621 μέν
300 1538 494 1622 βουλόμενον
514 1539 571 1623 την
597 1543 657 1621 μὲν
680 1546 914 1629 παρακειμένην
941 1541 1040 1626 α’κτην
1060 1545 1249 1633 παραπλεό-

140 1666 198 1706 σαι
219 1639 299 1725 πρός
320 1638 377 1716 τοὶς
397 1638 483 1705 κότω
505 1641 643 1717 Γαλλίας
665 1638 681 1704 ό
702 1646 764 1707 ταῖν
781 1642 978 1726 Ἡρακλείων
1003 1646 1124 1730 στηλτόν
1142 1648 1248 1730 πορδ-

138 1739 204 1823 μός
226 1744 400 1824 ἐκδέχεται,
421 1739 477 1806 τόν
501 1743 536 1806 δέ
556 1740 635 1825 πρός
657 1742 832 1825 α’νατολός,
853 1747 1005 1829 ἐνδοτέρω
1029 1745 1173 1829 δηλονότι
1192 1748 1248 1830 τῆς

137 1842 250 1928 χώρας
271 1843 526 1923 έπεκτεινομένου
545 1846 603 1909 τοῦ
624 1847 783 1928 αἰγιαλοῦ,
806 1845 884 1929 πρός
905 1843 943 1911 τό
964 1849 1048 1930 μέρη
1067 1850 1130 1911 reis
1143 1851 1248 1929 Βρετ-

98 1965 129 2020 15
138 1945 278 2010 τανικοῖν
301 1940 404 2028 νη’σων
422 1946 600 2030 καθοδηγεῖ
615 1945 671 2010 καί
689 1950 911 2032 προτρέπεται.
940 1949 984 2032 τῷ
1007 1949 1043 2011 δέ
1064 1951 1254 2039 βουλομένηνΙ

137 2044 219 2130 πρός
239 2042 297 2122 τοὶς
326 2048 387 2110 τιόν
409 2042 579 2131 Μακάρων
605 2047 720 2129 νησους
747 2046 869 2131 α’πᾶραι
897 2045 1098 2120 όοῖπόπλους
1121 2046 1246 2133 α’χανης

136 2150 380 2230 παρατεινεται·
434 2147 591 2228 α’πέχουσι
610 2144 669 2231 γὰρ
693 2150 749 2231 τῆς
770 2150 826 2231 γῆς
846 2149 963 2230 μέτρον
984 2149 1099 2227 μιλίων
1119 2150 1244 2231 χιλίων.

136 2249 196 2311 δόο
218 2250 254 2312 δέ
276 2245 419 2332 αἰνῆσαι
442 2248 531 2328 εἰσίν,
553 2242 591 2312 οό
611 2247 690 2313 πολό
711 2247 855 2331 α’λληλων
878 2247 1067 2330 ἀπέχουσαι,
1090 2249 1245 2312 παντοίων

142 2349 278 2433 ἀμαθῶν
299 2352 356 2414 καί
374 2347 524 2414 ποικιλων
546 2350 695 2433 διηνεκῶς
714 2347 906 2434 βρίθουσαν,
923 2344 979 2412 καί
999 2345 1078 2412 πόαν
1099 2345 1247 2431 μαλακίην

95 2450 196 2525 nonai
215 2447 323 2535 ιόοόδη
347 2452 388 2515 δι’
410 2446 486 2514 dieu
518 2452 574 2516 τοῦ
596 2446 686 2526 ἔτους
709 2452 897 2537 τρέφουσαι.
940 2450 1159 2537 α’πηικισμέναι
1181 2446 1244 2533 γάρ

136 2543 236 2616 οὖσαν
257 2553 313 2634 τῆς
335 2554 484 2635 κωμικῆς
508 2552 604 2634 ἰλόος,
629 2554 684 2616 καί
706 2554 762 2636 τῆς
782 2554 838 2617 τοῦ
859 2553 954 2635 α’έρος
975 2550 1152 2637 ἐπιμιξίας,
1174 2546 1244 2634 ἥτις

135 2654 171 2716 ix
193 2654 258 2716 suis
278 2650 447 2734 δυοόδμων
466 2654 524 2736 τῆς
550 2655 607 2737 γῆς
628 2652 764 2735 ου’χμτόν
788 2640 974 2737 ἐπιγίνεται,
996 2647 1067 2716 οόδ’
1087 2647 1167 2728 όλως
1187 2673 1244 2734 με.

134 2750 413 2841 ταλαμβόνουσαι,
446 2753 661 2839 όμιεινότατον
682 2758 738 2820 καί
766 2747 888 2822 ἄλυπον
907 2762 973 2832 τοῖς
990 2755 1090 2822 insius
1112 2751 1241 2841 ἅνθριό·

218 2922 262 2977 13.
284 2919 315 2977 τό
339 2923 369 2978 G·
463 2920 504 2977 14·
524 2927 760 3001 έπεκιιινόμενον
780 2926 809 2983 C.

134 3072 177 3124 sic
199 3070 308 3134 dicitur,
330 3077 357 3121 et
374 3069 432 3138 ipsa
444 3070 591 3127 celtiberice
607 3074 640 3125 ed
657 3073 838 3126 occidentales
857 3082 946 3141 portes
965 3074 1064 3127 Romae
1082 3074 1151 3126 sitae
1170 3079 1241 3137 suut,

132 3144 169 3195 ad
189 3140 357 3195 occidentale
382 3158 471 3207 mare,
501 3159 569 3212 quae
597 3145 702 3212 quidem
729 3159 800 3194 nunc
825 3144 952 3211 Hispania
978 3150 1097 3195 vocatur.
1141 3141 1241 3194 Romae

132 3215 207 3265 enirn
227 3228 306 3281 snpra
326 3212 429 3266 italiam
448 3217 516 3266 sitne
542 3229 590 3265 eae
609 3221 714 3281 partes,
737 3229 806 3281 quae
831 3213 864 3265 ad
891 3213 976 3264 solem
996 3214 1135 3264 cadentem
1156 3227 1241 3280 usque

132 3286 168 3337 ad
190 3285 275 3352 Alpes
294 3293 408 3350 montes,
429 3285 516 3340 Gallie
535 3286 656 3348 inferior,
676 3285 721 3337 ubi
739 3300 811 3336 nuuc
829 3282 961 3337 Nemiteia
980 3283 1169 3352 cognoscitur,
1189 3283 1241 3333 du.

134 3371 196 3408 cern
215 3371 291 3407 suum
310 3372 402 3425 regom
427 3358 583 3410 nominansr
610 3371 678 3425 quue
702 3363 790 3408 autem
815 3356 849 3408 nd
876 3353 999 3423 obliquus
1023 3361 1113 3421 panes
1132 3352 1241 3420 Alpium

132 3427 214 3496 quasi
234 3443 249 3478 ι
271 3435 347 3499 tergo
366 3429 418 3481 site
436 3437 497 3481 suut
516 3444 600 3497 usquo
619 3430 651 3481 ud
673 3428 842 3480 occidentale
860 3442 942 3490 merc,
961 3425 1049 3478 Iberia
1067 3433 1094 3476 et
1115 3422 1238 3479 Celtibe-

129 3501 177 3551 ria
194 3498 361 3563 dicebantur,
381 3514 441 3552 eum
454 3499 597 3552 induentes
616 3500 653 3551 ihi
673 3499 748 3553 fluvii
759 3508 847 3553 terrae
866 3500 960 3551 darent
974 3496 1026 3549 hoc
1042 3511 1159 3547 nomen:
1178 3494 1240 3546 inda

131 3570 207 3622 euim
227 3570 272 3639 qui
297 3570 359 3623 uult
382 3572 507 3625 adiacens
534 3570 597 3623 litus
623 3573 859 3641 praeternavigare
885 3570 918 3622 ad
942 3568 1054 3622 Gallium
1073 3565 1239 3629 interiorem,
1281 3634 1286 3641 ἱ

131 3656 196 3693 eum
215 3641 311 3694 iratum
331 3642 523 3695 Herculaneum
549 3642 730 3696 columnarum
749 3645 863 3709 excipit:
889 3656 959 3710 quac
979 3647 1067 3691 nutem
1085 3636 1118 3689 ad
1146 3636 1240 3689 orien-

130 3721 189 3765 tem
209 3714 260 3765 sita
279 3721 349 3779 sunt,
372 3715 400 3767 in
419 3713 548 3766 interiore
567 3722 639 3766 terra
659 3715 691 3766 ud
710 3714 773 3766 litus
794 3722 913 3775 extensa,
935 3711 967 3763 ad
985 3716 1075 3777 partes
1093 3706 1239 3762 insularum

127 3784 289 3837 Britanniae
315 3785 415 3838 ducunt
440 3793 467 3836 et
484 3794 642 3838 uertunture
670 3784 775 3837 volenti
806 3790 893 3835 autem
917 3783 949 3834 ad
967 3776 1110 3835 Beatoruin
1137 3780 1239 3834 insutas

127 3857 271 3924 proficisci
295 3858 434 3925 navigatio
463 3857 551 3925 umpla
578 3856 743 3909 extenditurr
778 3854 873 3907 chaum
899 3853 968 3904 euim
996 3869 1011 3904 ι
1037 3860 1109 3905 terra
1132 3852 1239 3905 milibus

94 3943 100 3958 ·
126 3926 284 3980 milliariis:
310 3928 378 3979 duae
403 3936 491 3980 autem
517 3936 579 3981 sunt
602 3927 721 3990 insulae,
747 3941 801 3978 uon
823 3922 935 3976 muitum
959 3926 1030 3977 inter
1061 3940 1091 3976 se
1109 3932 1238 3987 remotae,

127 3998 256 4051 omnibus
283 3999 362 4052 honis
395 4008 421 4051 et
440 4002 523 4053 variis
553 3999 632 4053 vaide
658 3998 793 4063 refertae,
823 4003 851 4049 ct
868 3995 977 4049 herbam
995 3995 1103 4049 mollem
1124 4005 1151 4048 et
1168 3994 1238 4047 bene

126 4069 251 4121 olentem
271 4086 321 4138 per
339 4078 423 4122 totum
442 4086 539 4124 aunum
558 4070 745 4139 proferentes:
772 4076 891 4121 remotue
920 4069 989 4120 enim
1010 4067 1134 4120 coioniae
1152 4065 1238 4118 sordis

124 4142 279 4194 mundanae
309 4152 336 4194 et
360 4142 530 4195 admixtionis
557 4143 643 4205 neus,
663 4156 732 4210 quae
762 4156 776 4192 e
803 4141 873 4193 maie
892 4140 976 4192 olenti
999 4147 1086 4192 terrae
1111 4134 1238 4206 squalore

125 4212 226 4278 oritur,
245 4228 413 4283 nequequam
435 4216 580 4282 participes
608 4212 807 4265 saluberrimum
835 4221 862 4264 et
887 4213 995 4264 minima
1020 4212 1122 4262 tristem
1139 4204 1238 4258 incolis

124 4285 285 4340 homiuibus
305 4294 332 4338 et
350 4288 448 4353 pecudi
467 4286 549 4339 vitem
567 4284 690 4352 reddunt,
710 4293 738 4339 et
755 4284 989 4338 commorationem
1007 4279 1192 4335 suavissimum
1210 4285 1238 4332 et
