<?xml version="1.0" encoding="UTF-8"?>
<!DOCTYPE html PUBLIC "-//W3C//DTD XHTML 1.0 Transitional//EN"
    "http://www.w3.org/TR/xhtml1/DTD/xhtml1-transitional.dtd">
<html xmlns="http://www.w3.org/1999/xhtml" xml:lang="en" lang="en">
 <head>
  <title>
</title>
<meta http-equiv="Content-Type" content="text/html;charset=utf-8" />
  <meta name='ocr-system' content='tesseract 3.04.00' />
  <meta name='ocr-capabilities' content='ocr_page ocr_carea ocr_par ocr_line ocrx_word'/>
</head>
<body>
  <div class='ocr_page' id='page_1' title='image "./corpusscriptoru00berlgoog/corpusscriptoru00berlgoog_0128.png"; bbox 0 0 3182 4986; ppageno 0'>
   <div class='ocr_carea' id='block_1_1' title="bbox 558 324 1323 432">
    <p class='ocr_par' dir='ltr' id='par_1_1' title="bbox 558 324 1323 432">
     <span class='ocr_line' id='line_1_1' title="bbox 558 324 1323 432; baseline 0.001 -2"><span class='ocrx_word' id='word_1_1' title='bbox 558 359 767 432; x_wconf 77' lang='lat' dir='ltr'><strong>marbais.</strong></span> <span class='ocrx_word' id='word_1_2' title='bbox 1038 412 1041 417; x_wconf 20' lang='lat' dir='ltr'><strong>s</strong></span> <span class='ocrx_word' id='word_1_3' title='bbox 1141 362 1212 431; x_wconf 82' lang='lat' dir='ltr'><strong><em>trs</em></strong></span> <span class='ocrx_word' id='word_1_4' title='bbox 1319 324 1323 333; x_wconf 60' lang='grc'>’</span> 
     </span>
    </p>
   </div>
   <div class='ocr_carea' id='block_1_2' title="bbox 68 518 1331 2512">
    <p class='ocr_par' dir='ltr' id='par_1_2' title="bbox 68 518 1331 2512">
     <span class='ocr_line' id='line_1_2' title="bbox 106 518 1212 608; baseline 0.005 -22"><span class='ocrx_word' id='word_1_5' title='bbox 106 544 192 605; x_wconf 76' lang='lat' dir='ltr'><strong><em>rm</em></strong></span> <span class='ocrx_word' id='word_1_6' title='bbox 214 521 274 605; x_wconf 72' lang='grc' dir='ltr'><strong><em>τήν</em></strong></span> <span class='ocrx_word' id='word_1_7' title='bbox 294 522 437 604; x_wconf 83' lang='grc' dir='ltr'><strong><em>δμαντού</em></strong></span> <span class='ocrx_word' id='word_1_8' title='bbox 457 525 630 607; x_wconf 76' lang='grc' dir='ltr'><strong><em>σωτηρίαν,</em></strong></span> <span class='ocrx_word' id='word_1_9' title='bbox 651 518 726 587; x_wconf 83' lang='grc' dir='ltr'><strong><em>ὅσον</em></strong></span> <span class='ocrx_word' id='word_1_10' title='bbox 755 522 812 605; x_wconf 74' lang='grc' dir='ltr'><strong><em>τήν</em></strong></span> <span class='ocrx_word' id='word_1_11' title='bbox 834 526 898 588; x_wconf 71' lang='grc' dir='ltr'><strong><em>τοῖν</em></strong></span> <span class='ocrx_word' id='word_1_12' title='bbox 912 523 1080 605; x_wconf 75' lang='grc' dir='ltr'><strong><em>Ῥωμαίων</em></strong></span> <span class='ocrx_word' id='word_1_13' title='bbox 1100 527 1212 608; x_wconf 72' lang='grc' dir='ltr'><strong><em>κατέγ-</em></strong></span> 
     </span>
     <span class='ocr_line' id='line_1_3' title="bbox 106 614 1293 710; baseline 0.002 -23"><span class='ocrx_word' id='word_1_14' title='bbox 106 645 174 687; x_wconf 84' lang='grc' dir='ltr'><strong><em>νων</em></strong></span> <span class='ocrx_word' id='word_1_15' title='bbox 194 620 316 687; x_wconf 75' lang='grc' dir='ltr'><strong><em>δτιλύαν</em></strong></span> <span class='ocrx_word' id='word_1_16' title='bbox 347 616 369 707; x_wconf 83' lang='grc' dir='ltr'><em>ἢ</em></span> <span class='ocrx_word' id='word_1_17' title='bbox 399 621 624 706; x_wconf 71' lang='grc' dir='ltr'><strong><em>ἀπειροκαλίαν</em></strong></span> <span class='ocrx_word' id='word_1_18' title='bbox 651 617 921 709; x_wconf 78' lang='grc' dir='ltr'><strong><em>ἢτιιπιινύτητα·</em></strong></span> <span class='ocrx_word' id='word_1_19' title='bbox 976 623 1132 710; x_wconf 73' lang='grc' dir='ltr'><strong><em>τοσαύτης</em></strong></span> <span class='ocrx_word' id='word_1_20' title='bbox 1152 620 1211 709; x_wconf 88' lang='grc' dir='ltr'><strong><em>γάρ</em></strong></span> <span class='ocrx_word' id='word_1_21' title='bbox 1268 614 1293 633; x_wconf 68' lang='grc'><em>”</em></span> 
     </span>
     <span class='ocr_line' id='line_1_4' title="bbox 106 716 1213 809; baseline 0.002 -24"><span class='ocrx_word' id='word_1_22' title='bbox 106 726 277 807; x_wconf 70' lang='grc' dir='ltr'><strong><em>γινομένης</em></strong></span> <span class='ocrx_word' id='word_1_23' title='bbox 290 725 478 808; x_wconf 81' lang='grc' dir='ltr'><strong><em>καταφοράς</em></strong></span> <span class='ocrx_word' id='word_1_24' title='bbox 493 720 549 787; x_wconf 80' lang='grc' dir='ltr'><strong><em>καί</em></strong></span> <span class='ocrx_word' id='word_1_25' title='bbox 565 716 657 809; x_wconf 78' lang='grc' dir='ltr'><strong><em>ἥττης</em></strong></span> <span class='ocrx_word' id='word_1_26' title='bbox 670 725 732 789; x_wconf 76' lang='grc' dir='ltr'><strong><em>ταῖν</em></strong></span> <span class='ocrx_word' id='word_1_27' title='bbox 750 723 918 805; x_wconf 76' lang='grc' dir='ltr'><strong><em>Ῥωμαίων</em></strong></span> <span class='ocrx_word' id='word_1_28' title='bbox 934 723 993 808; x_wconf 88' lang='grc' dir='ltr'><strong><em>πρά</em></strong></span> <span class='ocrx_word' id='word_1_29' title='bbox 1011 727 1067 808; x_wconf 77' lang='grc' dir='ltr'><strong><em>τῆς</em></strong></span> <span class='ocrx_word' id='word_1_30' title='bbox 1088 747 1213 809; x_wconf 84' lang='grc' dir='ltr'><strong><em>παριμ-</em></strong></span> 
     </span>
     <span class='ocr_line' id='line_1_5' title="bbox 106 814 1214 909; baseline 0.003 -25"><span class='ocrx_word' id='word_1_31' title='bbox 106 823 216 905; x_wconf 75' lang='grc' dir='ltr'><strong><em>βολῆς,</em></strong></span> <span class='ocrx_word' id='word_1_32' title='bbox 238 821 343 898; x_wconf 76' lang='grc' dir='ltr'><strong><em>ούδτίς</em></strong></span> <span class='ocrx_word' id='word_1_33' title='bbox 361 825 423 888; x_wconf 79' lang='grc' dir='ltr'><strong><em>τάν</em></strong></span> <span class='ocrx_word' id='word_1_34' title='bbox 439 825 556 888; x_wconf 74' lang='grc' dir='ltr'><strong><em>λοιπῶν</em></strong></span> <span class='ocrx_word' id='word_1_35' title='bbox 577 819 681 906; x_wconf 83' lang='grc' dir='ltr'><strong><em>λόχων</em></strong></span> <span class='ocrx_word' id='word_1_36' title='bbox 695 827 751 888; x_wconf 80' lang='grc' dir='ltr'><strong><em>κατ’</em></strong></span> <span class='ocrx_word' id='word_1_37' title='bbox 763 826 908 908; x_wconf 73' lang='grc' dir='ltr'><strong><em>λοχαγῶν</em></strong></span> <span class='ocrx_word' id='word_1_38' title='bbox 929 826 974 900; x_wconf 77' lang='grc' dir='ltr'><strong><em>εἰς</em></strong></span> <span class='ocrx_word' id='word_1_39' title='bbox 997 814 1121 906; x_wconf 80' lang='grc' dir='ltr'><strong><em>άμυναν</em></strong></span> <span class='ocrx_word' id='word_1_40' title='bbox 1142 825 1214 909; x_wconf 83' lang='grc' dir='ltr'><strong><em>διη-</em></strong></span> 
     </span>
     <span class='ocr_line' id='line_1_6' title="bbox 83 916 1213 1009; baseline 0.005 -25"><span class='ocrx_word' id='word_1_41' title='bbox 83 924 260 1002; x_wconf 60' lang='lat' dir='ltr'><strong>optimo,</strong></span> <span class='ocrx_word' id='word_1_42' title='bbox 287 916 368 987; x_wconf 84' lang='grc' dir='ltr'><strong><em>άλλά</em></strong></span> <span class='ocrx_word' id='word_1_43' title='bbox 399 922 512 1000; x_wconf 87' lang='grc' dir='ltr'><strong><em>πάντες</em></strong></span> <span class='ocrx_word' id='word_1_44' title='bbox 544 920 635 988; x_wconf 73' lang='grc' dir='ltr'><strong><em>ἔνδον</em></strong></span> <span class='ocrx_word' id='word_1_45' title='bbox 662 923 836 1009; x_wconf 74' lang='grc' dir='ltr'><strong><em>καθήμενοι</em></strong></span> <span class='ocrx_word' id='word_1_46' title='bbox 867 927 1001 999; x_wconf 71' lang='grc' dir='ltr'><strong><em>ἕκαστος</em></strong></span> <span class='ocrx_word' id='word_1_47' title='bbox 1032 922 1068 989; x_wconf 89' lang='grc' dir='ltr'><strong><em>τά</em></strong></span> <span class='ocrx_word' id='word_1_48' title='bbox 1099 927 1213 990; x_wconf 72' lang='grc' dir='ltr'><strong><em>οἰκεῖον</em></strong></span> 
     </span>
     <span class='ocr_line' id='line_1_7' title="bbox 107 1019 1215 1111; baseline 0.003 -25"><span class='ocrx_word' id='word_1_49' title='bbox 107 1019 268 1107; x_wconf 74' lang='grc' dir='ltr'><strong><em>ἔργονιδς</em></strong></span> <span class='ocrx_word' id='word_1_50' title='bbox 288 1022 341 1089; x_wconf 87' lang='grc' dir='ltr'><strong><em>διά</em></strong></span> <span class='ocrx_word' id='word_1_51' title='bbox 359 1028 469 1110; x_wconf 91' lang='grc' dir='ltr'><strong><em>φιλιάς</em></strong></span> <span class='ocrx_word' id='word_1_52' title='bbox 490 1027 547 1107; x_wconf 79' lang='grc' dir='ltr'><strong><em>γῆς</em></strong></span> <span class='ocrx_word' id='word_1_53' title='bbox 570 1022 814 1111; x_wconf 70' lang='grc' dir='ltr'><strong><em>δνσκφναύμινος</em></strong></span> <span class='ocrx_word' id='word_1_54' title='bbox 841 1025 1069 1111; x_wconf 72' lang='grc' dir='ltr'><strong><em>διεπράττετο,</em></strong></span> <span class='ocrx_word' id='word_1_55' title='bbox 1089 1027 1145 1091; x_wconf 76' lang='grc' dir='ltr'><strong><em>κατ’</em></strong></span> <span class='ocrx_word' id='word_1_56' title='bbox 1163 1025 1215 1089; x_wconf 83' lang='grc' dir='ltr'><strong><em>κε’-</em></strong></span> 
     </span>
     <span class='ocr_line' id='line_1_8' title="bbox 109 1124 1150 1211; baseline 0.003 -25"><span class='ocrx_word' id='word_1_57' title='bbox 109 1146 201 1206; x_wconf 83' lang='grc' dir='ltr'><strong><em>νηστς</em></strong></span> <span class='ocrx_word' id='word_1_58' title='bbox 218 1129 328 1207; x_wconf 74' lang='grc' dir='ltr'><strong><em>ψυχῆς</em></strong></span> <span class='ocrx_word' id='word_1_59' title='bbox 349 1125 417 1191; x_wconf 90' lang='grc' dir='ltr'><strong><em>σύδ’</em></strong></span> <span class='ocrx_word' id='word_1_60' title='bbox 440 1126 559 1209; x_wconf 81' lang='grc' dir='ltr'><strong><em>α’γωνιά</em></strong></span> <span class='ocrx_word' id='word_1_61' title='bbox 580 1124 711 1201; x_wconf 80' lang='grc' dir='ltr'><strong><em>τούτους</em></strong></span> <span class='ocrx_word' id='word_1_62' title='bbox 732 1124 765 1189; x_wconf 83' lang='grc' dir='ltr'><strong><em>τά</em></strong></span> <span class='ocrx_word' id='word_1_63' title='bbox 787 1124 940 1210; x_wconf 76' lang='grc' dir='ltr'><strong><em>ταράττον</em></strong></span> <span class='ocrx_word' id='word_1_64' title='bbox 961 1127 1150 1211; x_wconf 72' lang='grc' dir='ltr'><strong><em>ἐξώρμησεν.</em></strong></span> 
     </span>
     <span class='ocr_line' id='line_1_9' title="bbox 205 1222 1217 1311; baseline -0.001 -21"><span class='ocrx_word' id='word_1_65' title='bbox 205 1223 244 1290; x_wconf 88' lang='lat' dir='ltr'><strong><em>‘O</em></strong></span> <span class='ocrx_word' id='word_1_66' title='bbox 268 1227 304 1290; x_wconf 78' lang='grc' dir='ltr'><strong><em>δὲ</em></strong></span> <span class='ocrx_word' id='word_1_67' title='bbox 331 1222 483 1306; x_wconf 76' lang='grc' dir='ltr'><strong><em>βασιλεύς</em></strong></span> <span class='ocrx_word' id='word_1_68' title='bbox 504 1223 594 1290; x_wconf 77' lang='grc' dir='ltr'><strong><em>ἔνδον</em></strong></span> <span class='ocrx_word' id='word_1_69' title='bbox 622 1230 680 1290; x_wconf 85' lang='grc' dir='ltr'><strong><em>τοῦ</em></strong></span> <span class='ocrx_word' id='word_1_70' title='bbox 703 1224 841 1311; x_wconf 90' lang='grc' dir='ltr'><strong><em>κάστρου</em></strong></span> <span class='ocrx_word' id='word_1_71' title='bbox 872 1226 986 1290; x_wconf 87' lang='grc' dir='ltr'><strong><em>τούτου</em></strong></span> <span class='ocrx_word' id='word_1_72' title='bbox 1009 1226 1217 1310; x_wconf 73' lang='grc' dir='ltr'><strong><em>μιμαδνρκιδς,</em></strong></span> 
     </span>
     <span class='ocr_line' id='line_1_10' title="bbox 108 1321 1214 1417; baseline 0.002 -29"><span class='ocrx_word' id='word_1_73' title='bbox 108 1321 192 1404; x_wconf 85' lang='grc' dir='ltr'><strong><em>μττά</em></strong></span> <span class='ocrx_word' id='word_1_74' title='bbox 217 1326 334 1408; x_wconf 78' lang='grc' dir='ltr'><strong><em>πολλῆς</em></strong></span> <span class='ocrx_word' id='word_1_75' title='bbox 357 1329 414 1409; x_wconf 66' lang='grc' dir='ltr'><strong><em>τῆς</em></strong></span> <span class='ocrx_word' id='word_1_76' title='bbox 436 1324 528 1400; x_wconf 83' lang='grc' dir='ltr'><strong><em>άνάις</em></strong></span> <span class='ocrx_word' id='word_1_77' title='bbox 555 1327 678 1417; x_wconf 61' lang='lat' dir='ltr'><strong>tanitico</strong></span> <span class='ocrx_word' id='word_1_78' title='bbox 706 1325 887 1392; x_wconf 76' lang='grc' dir='ltr'><strong><em>τ’πανελδάν</em></strong></span> <span class='ocrx_word' id='word_1_79' title='bbox 912 1326 993 1411; x_wconf 80' lang='grc' dir='ltr'><strong><em>πρὸς</em></strong></span> <span class='ocrx_word' id='word_1_80' title='bbox 1012 1327 1066 1393; x_wconf 87' lang='grc' dir='ltr'><strong><em>τάν</em></strong></span> <span class='ocrx_word' id='word_1_81' title='bbox 1084 1327 1214 1410; x_wconf 87' lang='grc' dir='ltr'><strong><em>χάρακα</em></strong></span> 
     </span>
     <span class='ocr_line' id='line_1_11' title="bbox 70 1423 1214 1516; baseline -0.003 -25"><span class='ocrx_word' id='word_1_82' title='bbox 70 1423 191 1505; x_wconf 71' lang='lat' dir='ltr'><strong>suprad</strong></span> <span class='ocrx_word' id='word_1_83' title='bbox 228 1429 291 1490; x_wconf 74' lang='lat' dir='ltr'><strong><em>triv</em></strong></span> <span class='ocrx_word' id='word_1_84' title='bbox 323 1426 481 1492; x_wconf 83' lang='grc' dir='ltr'><strong><em>συνόντων</em></strong></span> <span class='ocrx_word' id='word_1_85' title='bbox 508 1426 596 1516; x_wconf 71' lang='grc' dir='ltr'><strong><em>αύτρῖ</em></strong></span> <span class='ocrx_word' id='word_1_86' title='bbox 626 1430 872 1505; x_wconf 75' lang='grc' dir='ltr'><strong><em>Καππαδοκῶν,</em></strong></span> <span class='ocrx_word' id='word_1_87' title='bbox 902 1428 1020 1512; x_wconf 79' lang='grc' dir='ltr'><strong><em>πολλὴν</em></strong></span> <span class='ocrx_word' id='word_1_88' title='bbox 1042 1427 1098 1492; x_wconf 69' lang='grc' dir='ltr'><strong><em>κατ’</em></strong></span> <span class='ocrx_word' id='word_1_89' title='bbox 1117 1425 1214 1503; x_wconf 84' lang='grc' dir='ltr'><strong><em>αύτάς</em></strong></span> 
     </span>
     <span class='ocr_line' id='line_1_12' title="bbox 108 1523 1212 1611; baseline -0.004 -20"><span class='ocrx_word' id='word_1_90' title='bbox 108 1525 165 1609; x_wconf 72' lang='grc' dir='ltr'><strong><em>τὴν</em></strong></span> <span class='ocrx_word' id='word_1_91' title='bbox 182 1525 374 1611; x_wconf 78' lang='grc' dir='ltr'><strong><em>α’βολτηρύαν</em></strong></span> <span class='ocrx_word' id='word_1_92' title='bbox 397 1530 535 1610; x_wconf 69' lang='grc' dir='ltr'><strong><em>κατέγνω</em></strong></span> <span class='ocrx_word' id='word_1_93' title='bbox 553 1528 670 1592; x_wconf 88' lang='grc' dir='ltr'><strong><em>τούτων</em></strong></span> <span class='ocrx_word' id='word_1_94' title='bbox 692 1529 747 1592; x_wconf 72' lang='grc' dir='ltr'><strong><em>καὶ</em></strong></span> <span class='ocrx_word' id='word_1_95' title='bbox 766 1531 827 1593; x_wconf 80' lang='grc' dir='ltr'><strong><em>τάν</em></strong></span> <span class='ocrx_word' id='word_1_96' title='bbox 842 1528 1011 1610; x_wconf 67' lang='grc' dir='ltr'><strong><em>Ῥωμαίων</em></strong></span> <span class='ocrx_word' id='word_1_97' title='bbox 1025 1527 1116 1609; x_wconf 80' lang='grc' dir='ltr'><strong><em>άμού.</em></strong></span> <span class='ocrx_word' id='word_1_98' title='bbox 1162 1523 1212 1590; x_wconf 87' lang='grc' dir='ltr'><strong><em>διά</em></strong></span> 
     </span>
     <span class='ocr_line' id='line_1_13' title="bbox 110 1620 1214 1712; baseline 0.003 -24"><span class='ocrx_word' id='word_1_99' title='bbox 110 1625 167 1689; x_wconf 84' lang='grc' dir='ltr'><strong><em>κατ’</em></strong></span> <span class='ocrx_word' id='word_1_100' title='bbox 185 1620 205 1708; x_wconf 73' lang='grc' dir='ltr'><strong><em>ἦ</em></strong></span> <span class='ocrx_word' id='word_1_101' title='bbox 229 1624 286 1705; x_wconf 81' lang='grc' dir='ltr'><strong><em>νύξ</em></strong></span> <span class='ocrx_word' id='word_1_102' title='bbox 308 1628 411 1710; x_wconf 74' lang='grc' dir='ltr'><strong><em>ἐκείνη</em></strong></span> <span class='ocrx_word' id='word_1_103' title='bbox 431 1626 553 1702; x_wconf 77' lang='grc' dir='ltr'><strong><em>πάντας</em></strong></span> <span class='ocrx_word' id='word_1_104' title='bbox 575 1623 661 1710; x_wconf 78' lang='grc' dir='ltr'><strong><em>εἶχεν</em></strong></span> <span class='ocrx_word' id='word_1_105' title='bbox 692 1632 731 1695; x_wconf 69' lang='grc' dir='ltr'><strong><em>ἐν,</em></strong></span> <span class='ocrx_word' id='word_1_106' title='bbox 750 1634 871 1695; x_wconf 74' lang='grc' dir='ltr'><strong><em>ἐλπίσιν</em></strong></span> <span class='ocrx_word' id='word_1_107' title='bbox 903 1630 961 1693; x_wconf 83' lang='grc' dir='ltr'><strong><em>σύκ</em></strong></span> <span class='ocrx_word' id='word_1_108' title='bbox 984 1628 1135 1712; x_wconf 74' lang='grc' dir='ltr'><strong><em>α’γαθαῖς,</em></strong></span> <span class='ocrx_word' id='word_1_109' title='bbox 1159 1650 1214 1691; x_wconf 88' lang='grc' dir='ltr'><strong><em>κα·</em></strong></span> 
     </span>
     <span class='ocr_line' id='line_1_14' title="bbox 109 1722 1215 1811; baseline 0.002 -22"><span class='ocrx_word' id='word_1_110' title='bbox 109 1726 182 1791; x_wconf 78' lang='grc' dir='ltr'><strong><em>θάτι</em></strong></span> <span class='ocrx_word' id='word_1_111' title='bbox 208 1724 263 1790; x_wconf 73' lang='grc' dir='ltr'><strong><em>κατ’</em></strong></span> <span class='ocrx_word' id='word_1_112' title='bbox 281 1724 315 1791; x_wconf 83' lang='grc' dir='ltr'><strong><em>τὸ</em></strong></span> <span class='ocrx_word' id='word_1_113' title='bbox 339 1725 435 1807; x_wconf 83' lang='grc' dir='ltr'><strong><em>πιζάν</em></strong></span> <span class='ocrx_word' id='word_1_114' title='bbox 455 1722 540 1791; x_wconf 86' lang='grc' dir='ltr'><strong><em>άπαν</em></strong></span> <span class='ocrx_word' id='word_1_115' title='bbox 563 1731 625 1793; x_wconf 79' lang='grc' dir='ltr'><strong><em>τοῖν</em></strong></span> <span class='ocrx_word' id='word_1_116' title='bbox 647 1730 831 1811; x_wconf 79' lang='grc' dir='ltr'><strong><em>Ἀρμενίων,</em></strong></span> <span class='ocrx_word' id='word_1_117' title='bbox 854 1732 1028 1811; x_wconf 75' lang='grc' dir='ltr'><strong><em>ἐπιταχθὲν</em></strong></span> <span class='ocrx_word' id='word_1_118' title='bbox 1049 1732 1215 1794; x_wconf 82' lang='grc' dir='ltr'><strong><em>διανυκτε-</em></strong></span> 
     </span>
     <span class='ocr_line' id='line_1_15' title="bbox 111 1823 1215 1911; baseline 0.003 -23"><span class='ocrx_word' id='word_1_119' title='bbox 111 1825 219 1905; x_wconf 84' lang='grc' dir='ltr'><strong><em>ριύειν</em></strong></span> <span class='ocrx_word' id='word_1_120' title='bbox 240 1828 315 1908; x_wconf 71' lang='grc' dir='ltr'><strong><em>περὶ</em></strong></span> <span class='ocrx_word' id='word_1_121' title='bbox 335 1823 391 1910; x_wconf 69' lang='grc' dir='ltr'><strong><em>τάν</em></strong></span> <span class='ocrx_word' id='word_1_122' title='bbox 413 1825 537 1911; x_wconf 87' lang='grc' dir='ltr'><strong><em>τάφρον</em></strong></span> <span class='ocrx_word' id='word_1_123' title='bbox 560 1829 594 1892; x_wconf 83' lang='grc' dir='ltr'><strong><em>δν</em></strong></span> <span class='ocrx_word' id='word_1_124' title='bbox 622 1830 882 1910; x_wconf 67' lang='grc' dir='ltr'><strong><em>προτειχίσματι,</em></strong></span> <span class='ocrx_word' id='word_1_125' title='bbox 903 1828 1102 1894; x_wconf 83' lang='grc' dir='ltr'><strong><em>άποστασιάν</em></strong></span> <span class='ocrx_word' id='word_1_126' title='bbox 1122 1826 1215 1894; x_wconf 79' lang='grc' dir='ltr'><strong><em>άσκά-</em></strong></span> 
     </span>
     <span class='ocr_line' id='line_1_16' title="bbox 71 1923 1216 2012; baseline 0.002 -25"><span class='ocrx_word' id='word_1_127' title='bbox 71 1944 208 2009; x_wconf 68' lang='grc' dir='ltr'><strong><em>ιῡττνγσι,</em></strong></span> <span class='ocrx_word' id='word_1_128' title='bbox 230 1923 274 2008; x_wconf 73' lang='grc' dir='ltr'><strong><em>μὴ</em></strong></span> <span class='ocrx_word' id='word_1_129' title='bbox 302 1928 528 2009; x_wconf 76' lang='grc' dir='ltr'><strong><em>ττιιθαρχῆσαν</em></strong></span> <span class='ocrx_word' id='word_1_130' title='bbox 556 1932 619 2002; x_wconf 77' lang='grc' dir='ltr'><strong><em>τοῖς</em></strong></span> <span class='ocrx_word' id='word_1_131' title='bbox 643 1930 783 2008; x_wconf 79' lang='grc' dir='ltr'><strong><em>λέγουσι.</em></strong></span> <span class='ocrx_word' id='word_1_132' title='bbox 833 1926 927 2012; x_wconf 72' lang='grc' dir='ltr'><strong><em>κωλῆ</em></strong></span> <span class='ocrx_word' id='word_1_133' title='bbox 954 1931 1012 2008; x_wconf 77' lang='grc' dir='ltr'><strong><em>μὲν</em></strong></span> <span class='ocrx_word' id='word_1_134' title='bbox 1034 1925 1091 2005; x_wconf 85' lang='grc' dir='ltr'><strong><em>νύξ</em></strong></span> <span class='ocrx_word' id='word_1_135' title='bbox 1113 1929 1216 2010; x_wconf 76' lang='grc' dir='ltr'><strong><em>ἐντεύννγ</em></strong></span> 
     </span>
     <span class='ocr_line' id='line_1_17' title="bbox 111 2022 1217 2109; baseline 0.005 -22"><span class='ocrx_word' id='word_1_136' title='bbox 111 2023 243 2108; x_wconf 75' lang='grc' dir='ltr'><strong><em>δρτμιδά</em></strong></span> <span class='ocrx_word' id='word_1_137' title='bbox 261 2051 309 2102; x_wconf 87' lang='grc' dir='ltr'><strong><em>τις</em></strong></span> <span class='ocrx_word' id='word_1_138' title='bbox 326 2027 382 2090; x_wconf 73' lang='grc' dir='ltr'><strong><em>κατ’</em></strong></span> <span class='ocrx_word' id='word_1_139' title='bbox 393 2029 507 2109; x_wconf 78' lang='grc' dir='ltr'><strong><em>βαρεῖα</em></strong></span> <span class='ocrx_word' id='word_1_140' title='bbox 521 2036 588 2104; x_wconf 86' lang='grc' dir='ltr'><strong><em>τοῖς</em></strong></span> <span class='ocrx_word' id='word_1_141' title='bbox 599 2025 768 2108; x_wconf 75' lang='grc' dir='ltr'><strong><em>Ῥωμαίοις</em></strong></span> <span class='ocrx_word' id='word_1_142' title='bbox 782 2030 1016 2093; x_wconf 78' lang='grc' dir='ltr'><strong><em>διατιτέλιστο·</em></strong></span> <span class='ocrx_word' id='word_1_143' title='bbox 1068 2022 1157 2092; x_wconf 84' lang='grc' dir='ltr'><strong><em>ούπω</em></strong></span> <span class='ocrx_word' id='word_1_144' title='bbox 1188 2027 1217 2092; x_wconf 85' lang='grc' dir='ltr'><strong><em>δ’</em></strong></span> 
     </span>
     <span class='ocr_line' id='line_1_18' title="bbox 111 2123 1218 2217; baseline 0.002 -27"><span class='ocrx_word' id='word_1_145' title='bbox 111 2123 218 2210; x_wconf 71' lang='grc' dir='ltr'><strong><em>ἧριύρα</em></strong></span> <span class='ocrx_word' id='word_1_146' title='bbox 237 2125 359 2215; x_wconf 71' lang='grc' dir='ltr'><strong><em>προῄει,</em></strong></span> <span class='ocrx_word' id='word_1_147' title='bbox 379 2125 433 2190; x_wconf 74' lang='grc' dir='ltr'><strong><em>κατ’</em></strong></span> <span class='ocrx_word' id='word_1_148' title='bbox 449 2123 479 2191; x_wconf 83' lang='grc' dir='ltr'><strong><em>οἱ</em></strong></span> <span class='ocrx_word' id='word_1_149' title='bbox 501 2131 645 2209; x_wconf 80' lang='grc' dir='ltr'><strong><em>πολέμιοι</em></strong></span> <span class='ocrx_word' id='word_1_150' title='bbox 666 2123 722 2192; x_wconf 89' lang='grc' dir='ltr'><strong><em>τάν</em></strong></span> <span class='ocrx_word' id='word_1_151' title='bbox 741 2125 871 2211; x_wconf 78' lang='grc' dir='ltr'><strong><em>χάρακα</em></strong></span> <span class='ocrx_word' id='word_1_152' title='bbox 892 2132 1087 2217; x_wconf 72' lang='grc' dir='ltr'><strong><em>πανστρατιᾷ</em></strong></span> <span class='ocrx_word' id='word_1_153' title='bbox 1106 2132 1218 2209; x_wconf 74' lang='grc' dir='ltr'><strong><em>πυριά-</em></strong></span> 
     </span>
     <span class='ocr_line' id='line_1_19' title="bbox 112 2220 1217 2313; baseline 0.002 -24"><span class='ocrx_word' id='word_1_154' title='bbox 112 2228 229 2303; x_wconf 82' lang='grc' dir='ltr'><strong><em>ζωσαν.</em></strong></span> <span class='ocrx_word' id='word_1_155' title='bbox 273 2224 468 2309; x_wconf 76' lang='grc' dir='ltr'><strong><em>μιμαθηνάς</em></strong></span> <span class='ocrx_word' id='word_1_156' title='bbox 488 2225 550 2311; x_wconf 87' lang='grc' dir='ltr'><strong><em>γάρ</em></strong></span> <span class='ocrx_word' id='word_1_157' title='bbox 576 2222 672 2291; x_wconf 87' lang='grc' dir='ltr'><strong><em>άτού</em></strong></span> <span class='ocrx_word' id='word_1_158' title='bbox 695 2225 809 2293; x_wconf 85' lang='grc' dir='ltr'><strong><em>Χάλτιτ</em></strong></span> <span class='ocrx_word' id='word_1_159' title='bbox 832 2220 942 2313; x_wconf 76' lang='grc' dir='ltr'><strong><em>ἄρχων</em></strong></span> <span class='ocrx_word' id='word_1_160' title='bbox 968 2226 1003 2292; x_wconf 87' lang='grc' dir='ltr'><strong><em>τά</em></strong></span> <span class='ocrx_word' id='word_1_161' title='bbox 1028 2225 1217 2311; x_wconf 72' lang='grc' dir='ltr'><strong><em>προγεγονὸς</em></strong></span> 
     </span>
     <span class='ocr_line' id='line_1_20' title="bbox 110 2319 1331 2414; baseline 0.001 -25"><span class='ocrx_word' id='word_1_162' title='bbox 110 2328 298 2411; x_wconf 65' lang='grc' dir='ltr'><strong><em>προτέρημα</em></strong></span> <span class='ocrx_word' id='word_1_163' title='bbox 325 2326 412 2413; x_wconf 85' lang='grc' dir='ltr'><strong><em>παρά</em></strong></span> <span class='ocrx_word' id='word_1_164' title='bbox 432 2332 488 2412; x_wconf 77' lang='grc' dir='ltr'><strong><em>τῆς</em></strong></span> <span class='ocrx_word' id='word_1_165' title='bbox 508 2334 625 2413; x_wconf 80' lang='grc' dir='ltr'><strong><em>μοι’ρας</em></strong></span> <span class='ocrx_word' id='word_1_166' title='bbox 647 2330 746 2394; x_wconf 85' lang='grc' dir='ltr'><strong><em>αύτσά</em></strong></span> <span class='ocrx_word' id='word_1_167' title='bbox 757 2375 767 2409; x_wconf 90' lang='grc'><strong><em>,</em></strong></span> <span class='ocrx_word' id='word_1_168' title='bbox 789 2330 865 2409; x_wconf 72' lang='grc' dir='ltr'><strong><em>μεθ’</em></strong></span> <span class='ocrx_word' id='word_1_169' title='bbox 889 2324 963 2413; x_wconf 78' lang='grc' dir='ltr'><strong><em>άλης</em></strong></span> <span class='ocrx_word' id='word_1_170' title='bbox 984 2319 1038 2414; x_wconf 78' lang='grc' dir='ltr'><strong><em>ἦκο</em></strong></span> <span class='ocrx_word' id='word_1_171' title='bbox 1061 2331 1116 2412; x_wconf 79' lang='grc' dir='ltr'><strong><em>τῆς</em></strong></span> <span class='ocrx_word' id='word_1_172' title='bbox 1138 2320 1218 2391; x_wconf 78' lang='grc' dir='ltr'><strong><em>ἓαυ-</em></strong></span> <span class='ocrx_word' id='word_1_173' title='bbox 1327 2376 1331 2383; x_wconf 85' lang='grc'><em>.</em></span> 
     </span>
     <span class='ocr_line' id='line_1_21' title="bbox 68 2424 1219 2512; baseline 0.002 -23"><span class='ocrx_word' id='word_1_174' title='bbox 68 2429 172 2505; x_wconf 70' lang='lat' dir='ltr'><strong>wenti</strong></span> <span class='ocrx_word' id='word_1_175' title='bbox 193 2424 359 2508; x_wconf 79' lang='grc' dir='ltr'><strong><em>δυνάμιας</em></strong></span> <span class='ocrx_word' id='word_1_176' title='bbox 390 2427 432 2504; x_wconf 75' lang='grc' dir='ltr'><strong><em>ὥς</em></strong></span> <span class='ocrx_word' id='word_1_177' title='bbox 463 2429 614 2511; x_wconf 79' lang='grc' dir='ltr'><strong><em>αύτοβοεί</em></strong></span> <span class='ocrx_word' id='word_1_178' title='bbox 643 2426 787 2512; x_wconf 80' lang='grc' dir='ltr'><strong><em>αἱρήσων</em></strong></span> <span class='ocrx_word' id='word_1_179' title='bbox 816 2426 868 2494; x_wconf 84' lang='grc' dir='ltr'><strong><em>τὸν</em></strong></span> <span class='ocrx_word' id='word_1_180' title='bbox 894 2432 1029 2511; x_wconf 79' lang='grc' dir='ltr'><strong><em>βασιλέα</em></strong></span> <span class='ocrx_word' id='word_1_181' title='bbox 1059 2426 1141 2509; x_wconf 78' lang='grc' dir='ltr'><strong><em>μετά</em></strong></span> <span class='ocrx_word' id='word_1_182' title='bbox 1163 2428 1219 2509; x_wconf 80' lang='grc' dir='ltr'><strong><em>τῆς</em></strong></span> 
     </span>
    </p>
   </div>
   <div class='ocr_carea' id='block_1_3' title="bbox 111 2523 1219 2827">
    <p class='ocr_par' dir='ltr' id='par_1_3' title="bbox 111 2523 1219 2827">
     <span class='ocr_line' id='line_1_22' title="bbox 111 2523 1218 2614; baseline -0.002 -22"><span class='ocrx_word' id='word_1_183' title='bbox 111 2523 274 2611; x_wconf 78' lang='grc' dir='ltr'><strong><em>συνούσης</em></strong></span> <span class='ocrx_word' id='word_1_184' title='bbox 301 2527 388 2614; x_wconf 70' lang='grc' dir='ltr'><strong><em>αύτῷ</em></strong></span> <span class='ocrx_word' id='word_1_185' title='bbox 409 2534 570 2611; x_wconf 83' lang='grc' dir='ltr'><strong><em>στρατιάς.</em></strong></span> <span class='ocrx_word' id='word_1_186' title='bbox 624 2528 679 2593; x_wconf 70' lang='grc' dir='ltr'><strong><em>κατ’</em></strong></span> <span class='ocrx_word' id='word_1_187' title='bbox 711 2526 741 2594; x_wconf 77' lang='grc' dir='ltr'><strong><em>ολ</em></strong></span> <span class='ocrx_word' id='word_1_188' title='bbox 769 2533 829 2611; x_wconf 75' lang='grc' dir='ltr'><strong><em>μὲν</em></strong></span> <span class='ocrx_word' id='word_1_189' title='bbox 849 2523 935 2594; x_wconf 87' lang='grc' dir='ltr'><strong><em>ούτω</em></strong></span> <span class='ocrx_word' id='word_1_190' title='bbox 958 2527 1218 2613; x_wconf 79' lang='grc' dir='ltr'><strong><em>περιιππεύοντες</em></strong></span> 
     </span>
     <span class='ocr_line' id='line_1_23' title="bbox 113 2625 1218 2715; baseline 0.001 -26"><span class='ocrx_word' id='word_1_191' title='bbox 113 2625 204 2709; x_wconf 75' lang='grc' dir='ltr'><strong><em>ἡμᾶς</em></strong></span> <span class='ocrx_word' id='word_1_192' title='bbox 235 2626 292 2691; x_wconf 76' lang='grc' dir='ltr'><strong><em>κατ’</em></strong></span> <span class='ocrx_word' id='word_1_193' title='bbox 310 2631 482 2711; x_wconf 72' lang='grc' dir='ltr'><strong><em>θηριωδῶς</em></strong></span> <span class='ocrx_word' id='word_1_194' title='bbox 511 2632 721 2715; x_wconf 71' lang='grc' dir='ltr'><strong><em>ἐκφοβοῦντος</em></strong></span> <span class='ocrx_word' id='word_1_195' title='bbox 749 2638 820 2706; x_wconf 72' lang='grc' dir='ltr'><strong><em>ταῖς</em></strong></span> <span class='ocrx_word' id='word_1_196' title='bbox 849 2634 1061 2714; x_wconf 77' lang='grc' dir='ltr'><strong><em>βαρβαρικαῖς</em></strong></span> <span class='ocrx_word' id='word_1_197' title='bbox 1086 2630 1218 2702; x_wconf 81' lang='grc' dir='ltr'><strong><em>ύλακαῖς</em></strong></span> 
     </span>
     <span class='ocr_line' id='line_1_24' title="bbox 111 2724 1219 2827; baseline 0.006 -38"><span class='ocrx_word' id='word_1_198' title='bbox 111 2727 153 2789; x_wconf 87' lang='grc' dir='ltr'><strong><em>ού</em></strong></span> <span class='ocrx_word' id='word_1_199' title='bbox 177 2729 336 2792; x_wconf 80' lang='grc' dir='ltr'><strong><em>διδλιιτον·</em></strong></span> <span class='ocrx_word' id='word_1_200' title='bbox 389 2724 405 2792; x_wconf 88' lang='grc' dir='ltr'><strong><em>ά</em></strong></span> <span class='ocrx_word' id='word_1_201' title='bbox 437 2732 474 2827; x_wconf 72' lang='grc' dir='ltr'><strong><em>δὲ</em></strong></span> <span class='ocrx_word' id='word_1_202' title='bbox 500 2729 652 2812; x_wconf 82' lang='grc' dir='ltr'><strong><em>βασιλεύς</em></strong></span> <span class='ocrx_word' id='word_1_203' title='bbox 684 2727 773 2805; x_wconf 78' lang='grc' dir='ltr'><strong><em>ἐντάς</em></strong></span> <span class='ocrx_word' id='word_1_204' title='bbox 800 2734 857 2815; x_wconf 79' lang='grc' dir='ltr'><strong><em>τῆς</em></strong></span> <span class='ocrx_word' id='word_1_205' title='bbox 885 2736 999 2816; x_wconf 79' lang='grc' dir='ltr'><strong><em>σκηνῆς</em></strong></span> <span class='ocrx_word' id='word_1_206' title='bbox 1028 2727 1219 2817; x_wconf 87' lang='grc' dir='ltr'><strong><em>διαγράφων</em></strong></span> 
     </span>
    </p>
   </div>
   <div class='ocr_carea' id='block_1_4' title="bbox 189 2897 486 2972">
    <p class='ocr_par' dir='ltr' id='par_1_4' title="bbox 189 2897 486 2972">
     <span class='ocr_line' id='line_1_25' title="bbox 189 2897 486 2972; baseline 0 -22"><span class='ocrx_word' id='word_1_207' title='bbox 189 2900 231 2951; x_wconf 82' lang='lat' dir='ltr'><strong><em>lb.</em></strong></span> <span class='ocrx_word' id='word_1_208' title='bbox 251 2906 309 2959; x_wconf 81' lang='grc' dir='ltr'><strong><em>τοῖς</em></strong></span> <span class='ocrx_word' id='word_1_209' title='bbox 326 2897 486 2972; x_wconf 76' lang='grc' dir='ltr'><strong><em>λοχαγοῐςλ</em></strong></span> 
     </span>
    </p>
   </div>
   <div class='ocr_carea' id='block_1_5' title="bbox 36 3054 1300 4333">
    <p class='ocr_par' dir='ltr' id='par_1_5' title="bbox 108 3054 1220 3491">
     <span class='ocr_line' id='line_1_26' title="bbox 109 3054 1217 3135; baseline -0.002 -18"><span class='ocrx_word' id='word_1_210' title='bbox 109 3065 199 3135; x_wconf 71' lang='lat' dir='ltr'><strong>igitar</strong></span> <span class='ocrx_word' id='word_1_211' title='bbox 218 3080 269 3132; x_wconf 76' lang='lat' dir='ltr'><strong><em>ego</em></strong></span> <span class='ocrx_word' id='word_1_212' title='bbox 282 3078 389 3134; x_wconf 89' lang='lat' dir='ltr'><strong>qaoque</strong></span> <span class='ocrx_word' id='word_1_213' title='bbox 398 3078 452 3116; x_wconf 90' lang='lat' dir='ltr'><strong><em>uon</em></strong></span> <span class='ocrx_word' id='word_1_214' title='bbox 467 3054 566 3117; x_wconf 83' lang='lat' dir='ltr'><strong>tantum</strong></span> <span class='ocrx_word' id='word_1_215' title='bbox 582 3062 759 3133; x_wconf 73' lang='lat' dir='ltr'>desperabam</span> <span class='ocrx_word' id='word_1_216' title='bbox 771 3063 804 3118; x_wconf 85' lang='lat' dir='ltr'><strong><em>de</em></strong></span> <span class='ocrx_word' id='word_1_217' title='bbox 819 3080 879 3117; x_wconf 86' lang='lat' dir='ltr'><strong>mea</strong></span> <span class='ocrx_word' id='word_1_218' title='bbox 897 3062 983 3117; x_wconf 86' lang='lat' dir='ltr'><strong>salute</strong></span> <span class='ocrx_word' id='word_1_219' title='bbox 996 3072 1121 3134; x_wconf 83' lang='lat' dir='ltr'><strong>quantum</strong></span> <span class='ocrx_word' id='word_1_220' title='bbox 1132 3063 1217 3117; x_wconf 77' lang='lat' dir='ltr'><strong>Grae.</strong></span> 
     </span>
     <span class='ocr_line' id='line_1_27' title="bbox 110 3134 1217 3205; baseline -0.005 -16"><span class='ocrx_word' id='word_1_221' title='bbox 110 3153 206 3189; x_wconf 87' lang='lat' dir='ltr'><strong>corum</strong></span> <span class='ocrx_word' id='word_1_222' title='bbox 227 3136 422 3205; x_wconf 72' lang='lat' dir='ltr'><strong>cognoscebam</strong></span> <span class='ocrx_word' id='word_1_223' title='bbox 442 3137 577 3205; x_wconf 74' lang='lat' dir='ltr'><strong>ignauiam</strong></span> <span class='ocrx_word' id='word_1_224' title='bbox 592 3135 636 3189; x_wconf 83' lang='lat' dir='ltr'><strong><em>vei</em></strong></span> <span class='ocrx_word' id='word_1_225' title='bbox 655 3138 769 3204; x_wconf 84' lang='lat' dir='ltr'><strong>ineptias</strong></span> <span class='ocrx_word' id='word_1_226' title='bbox 788 3134 833 3188; x_wconf 81' lang='lat' dir='ltr'><strong><em>vel</em></strong></span> <span class='ocrx_word' id='word_1_227' title='bbox 853 3138 1017 3188; x_wconf 68' lang='lat' dir='ltr'><strong><em>tenuitatem.</em></strong></span> <span class='ocrx_word' id='word_1_228' title='bbox 1056 3142 1128 3185; x_wconf 88' lang='lat' dir='ltr'><strong>tanta</strong></span> <span class='ocrx_word' id='word_1_229' title='bbox 1148 3134 1217 3185; x_wconf 86' lang='lat' dir='ltr'><strong>euim</strong></span> 
     </span>
     <span class='ocr_line' id='line_1_28' title="bbox 111 3205 1218 3272; baseline -0.007 -11"><span class='ocrx_word' id='word_1_230' title='bbox 111 3211 185 3261; x_wconf 76' lang='lat' dir='ltr'><strong>tacta</strong></span> <span class='ocrx_word' id='word_1_231' title='bbox 204 3210 284 3261; x_wconf 90' lang='lat' dir='ltr'><strong>ruina</strong></span> <span class='ocrx_word' id='word_1_232' title='bbox 304 3216 330 3259; x_wconf 86' lang='lat' dir='ltr'><strong><em>et</em></strong></span> <span class='ocrx_word' id='word_1_233' title='bbox 353 3207 429 3260; x_wconf 85' lang='lat' dir='ltr'><strong>clade</strong></span> <span class='ocrx_word' id='word_1_234' title='bbox 449 3206 609 3261; x_wconf 83' lang='lat' dir='ltr'><strong>Graecorum</strong></span> <span class='ocrx_word' id='word_1_235' title='bbox 629 3218 690 3261; x_wconf 86' lang='lat' dir='ltr'><strong>ante</strong></span> <span class='ocrx_word' id='word_1_236' title='bbox 719 3215 911 3271; x_wconf 83' lang='lat' dir='ltr'><strong>castra,ue1uo</strong></span> <span class='ocrx_word' id='word_1_237' title='bbox 939 3205 1101 3272; x_wconf 85' lang='lat' dir='ltr'><strong>reliquarum</strong></span> <span class='ocrx_word' id='word_1_238' title='bbox 1121 3211 1218 3255; x_wconf 87' lang='lat' dir='ltr'><strong>centn-</strong></span> 
     </span>
     <span class='ocr_line' id='line_1_29' title="bbox 109 3275 1218 3332; baseline -0.008 0"><span class='ocrx_word' id='word_1_239' title='bbox 109 3282 213 3332; x_wconf 85' lang='lat' dir='ltr'><strong>riarum</strong></span> <span class='ocrx_word' id='word_1_240' title='bbox 235 3286 262 3330; x_wconf 90' lang='lat' dir='ltr'><strong><em>et</em></strong></span> <span class='ocrx_word' id='word_1_241' title='bbox 281 3279 464 3331; x_wconf 76' lang='lat' dir='ltr'><strong>centurionum</strong></span> <span class='ocrx_word' id='word_1_242' title='bbox 488 3281 521 3332; x_wconf 87' lang='lat' dir='ltr'><strong>ad</strong></span> <span class='ocrx_word' id='word_1_243' title='bbox 538 3280 682 3332; x_wconf 87' lang='lat' dir='ltr'><strong>arcendum</strong></span> <span class='ocrx_word' id='word_1_244' title='bbox 711 3281 841 3331; x_wconf 82' lang='lat' dir='ltr'><strong>excitatos</strong></span> <span class='ocrx_word' id='word_1_245' title='bbox 867 3285 940 3329; x_wconf 86' lang='lat' dir='ltr'><strong>erat:</strong></span> <span class='ocrx_word' id='word_1_246' title='bbox 969 3275 1017 3327; x_wconf 83' lang='lat' dir='ltr'><strong><em>red</em></strong></span> <span class='ocrx_word' id='word_1_247' title='bbox 1036 3289 1127 3325; x_wconf 88' lang='lat' dir='ltr'><strong>omnes</strong></span> <span class='ocrx_word' id='word_1_248' title='bbox 1146 3275 1218 3326; x_wconf 88' lang='lat' dir='ltr'><strong>intus</strong></span> 
     </span>
     <span class='ocr_line' id='line_1_30' title="bbox 108 3344 1220 3421; baseline -0.009 -16"><span class='ocrx_word' id='word_1_249' title='bbox 108 3353 240 3404; x_wconf 83' lang='lat' dir='ltr'><strong>sedenter</strong></span> <span class='ocrx_word' id='word_1_250' title='bbox 259 3366 335 3402; x_wconf 88' lang='lat' dir='ltr'><strong>snum</strong></span> <span class='ocrx_word' id='word_1_251' title='bbox 354 3352 467 3419; x_wconf 81' lang='lat' dir='ltr'><strong>quiaque</strong></span> <span class='ocrx_word' id='word_1_252' title='bbox 487 3365 553 3418; x_wconf 84' lang='grc' dir='ltr'><strong><em>ορατ</em></strong></span> <span class='ocrx_word' id='word_1_253' title='bbox 572 3352 647 3419; x_wconf 75' lang='grc' dir='ltr'><strong><em>σοιτί</em></strong></span> <span class='ocrx_word' id='word_1_254' title='bbox 667 3352 694 3402; x_wconf 91' lang='lat' dir='ltr'><strong><em>in</em></strong></span> <span class='ocrx_word' id='word_1_255' title='bbox 711 3351 846 3421; x_wconf 75' lang='lat' dir='ltr'><strong>sociorum</strong></span> <span class='ocrx_word' id='word_1_256' title='bbox 866 3355 956 3401; x_wconf 85' lang='lat' dir='ltr'><strong>essent</strong></span> <span class='ocrx_word' id='word_1_257' title='bbox 974 3354 1044 3398; x_wconf 87' lang='lat' dir='ltr'><strong>terra</strong></span> <span class='ocrx_word' id='word_1_258' title='bbox 1064 3344 1220 3411; x_wconf 76' lang='lat' dir='ltr'><strong>perficiebat</strong></span> 
     </span>
     <span class='ocr_line' id='line_1_31' title="bbox 110 3417 1065 3491; baseline -0.009 -16"><span class='ocrx_word' id='word_1_259' title='bbox 110 3432 138 3475; x_wconf 81' lang='lat' dir='ltr'><strong><em>et</em></strong></span> <span class='ocrx_word' id='word_1_260' title='bbox 158 3432 249 3478; x_wconf 85' lang='lat' dir='ltr'><strong>motus</strong></span> <span class='ocrx_word' id='word_1_261' title='bbox 268 3423 349 3473; x_wconf 88' lang='lat' dir='ltr'><strong>animi</strong></span> <span class='ocrx_word' id='word_1_262' title='bbox 369 3436 456 3491; x_wconf 87' lang='lat' dir='ltr'><strong>neque</strong></span> <span class='ocrx_word' id='word_1_263' title='bbox 479 3437 545 3474; x_wconf 86' lang='lat' dir='ltr'><strong>vero</strong></span> <span class='ocrx_word' id='word_1_264' title='bbox 565 3421 714 3490; x_wconf 84' lang='lat' dir='ltr'><strong>perieulum</strong></span> <span class='ocrx_word' id='word_1_265' title='bbox 733 3421 782 3473; x_wconf 90' lang='lat' dir='ltr'><strong><em>hos</em></strong></span> <span class='ocrx_word' id='word_1_266' title='bbox 802 3422 909 3472; x_wconf 87' lang='lat' dir='ltr'><strong>omnino</strong></span> <span class='ocrx_word' id='word_1_267' title='bbox 929 3417 1065 3470; x_wconf 80' lang='lat' dir='ltr'><strong>excitavit.</strong></span> 
     </span>
    </p>

    <p class='ocr_par' dir='ltr' id='par_1_6' title="bbox 107 3484 1222 4205">
     <span class='ocr_line' id='line_1_32' title="bbox 216 3484 1220 3555; baseline -0.012 -8"><span class='ocrx_word' id='word_1_268' title='bbox 216 3494 275 3547; x_wconf 80' lang='lat' dir='ltr'><strong><em>Rex</em></strong></span> <span class='ocrx_word' id='word_1_269' title='bbox 295 3502 383 3546; x_wconf 87' lang='lat' dir='ltr'><strong>autem</strong></span> <span class='ocrx_word' id='word_1_270' title='bbox 411 3494 438 3544; x_wconf 91' lang='lat' dir='ltr'><strong><em>in</em></strong></span> <span class='ocrx_word' id='word_1_271' title='bbox 460 3492 572 3545; x_wconf 84' lang='lat' dir='ltr'><strong>castello</strong></span> <span class='ocrx_word' id='word_1_272' title='bbox 601 3493 653 3545; x_wconf 85' lang='lat' dir='ltr'><strong><em>boc</em></strong></span> <span class='ocrx_word' id='word_1_273' title='bbox 671 3494 766 3545; x_wconf 85' lang='lat' dir='ltr'><strong>videns</strong></span> <span class='ocrx_word' id='word_1_274' title='bbox 785 3508 844 3543; x_wconf 86' lang='lat' dir='ltr'><strong>cunr</strong></span> <span class='ocrx_word' id='word_1_275' title='bbox 871 3489 953 3543; x_wconf 89' lang='lat' dir='ltr'><strong>multa</strong></span> <span class='ocrx_word' id='word_1_276' title='bbox 971 3487 1139 3555; x_wconf 74' lang='lat' dir='ltr'><strong>aegritudine</strong></span> <span class='ocrx_word' id='word_1_277' title='bbox 1158 3484 1220 3537; x_wconf 86' lang='lat' dir='ltr'><strong>inde</strong></span> 
     </span>
     <span class='ocr_line' id='line_1_33' title="bbox 109 3557 1220 3633; baseline -0.013 -14"><span class='ocrx_word' id='word_1_278' title='bbox 109 3581 243 3619; x_wconf 75' lang='lat' dir='ltr'><strong>reversus</strong></span> <span class='ocrx_word' id='word_1_279' title='bbox 262 3566 295 3617; x_wconf 87' lang='lat' dir='ltr'><strong>ad</strong></span> <span class='ocrx_word' id='word_1_280' title='bbox 315 3565 416 3618; x_wconf 83' lang='lat' dir='ltr'><strong>vallum</strong></span> <span class='ocrx_word' id='word_1_281' title='bbox 434 3580 492 3617; x_wconf 90' lang='lat' dir='ltr'><strong><em>cnm</em></strong></span> <span class='ocrx_word' id='word_1_282' title='bbox 517 3564 719 3632; x_wconf 74' lang='lat' dir='ltr'><strong>Cappadocibus</strong></span> <span class='ocrx_word' id='word_1_283' title='bbox 738 3565 781 3633; x_wconf 90' lang='lat' dir='ltr'><strong><em>qui</em></strong></span> <span class='ocrx_word' id='word_1_284' title='bbox 803 3565 828 3615; x_wconf 85' lang='lat' dir='ltr'><strong><em>ei</em></strong></span> <span class='ocrx_word' id='word_1_285' title='bbox 845 3564 964 3625; x_wconf 86' lang='lat' dir='ltr'><strong>aderant,</strong></span> <span class='ocrx_word' id='word_1_286' title='bbox 989 3557 1097 3610; x_wconf 87' lang='lat' dir='ltr'><strong>maltam</strong></span> <span class='ocrx_word' id='word_1_287' title='bbox 1116 3565 1143 3608; x_wconf 88' lang='lat' dir='ltr'><strong><em>et</em></strong></span> <span class='ocrx_word' id='word_1_288' title='bbox 1161 3557 1220 3623; x_wconf 89' lang='lat' dir='ltr'><strong>ipse</strong></span> 
     </span>
     <span class='ocr_line' id='line_1_34' title="bbox 108 3630 1220 3706; baseline -0.011 -17"><span class='ocrx_word' id='word_1_289' title='bbox 108 3636 256 3689; x_wconf 82' lang='lat' dir='ltr'><strong>stultitiam</strong></span> <span class='ocrx_word' id='word_1_290' title='bbox 276 3638 407 3706; x_wconf 75' lang='lat' dir='ltr'><strong>cognovit</strong></span> <span class='ocrx_word' id='word_1_291' title='bbox 424 3639 519 3690; x_wconf 88' lang='lat' dir='ltr'><strong>borum</strong></span> <span class='ocrx_word' id='word_1_292' title='bbox 539 3644 566 3687; x_wconf 94' lang='lat' dir='ltr'><strong><em>et</em></strong></span> <span class='ocrx_word' id='word_1_293' title='bbox 577 3636 737 3689; x_wconf 83' lang='lat' dir='ltr'><strong>Graecorum</strong></span> <span class='ocrx_word' id='word_1_294' title='bbox 754 3633 843 3687; x_wconf 88' lang='lat' dir='ltr'><strong>simui.</strong></span> <span class='ocrx_word' id='word_1_295' title='bbox 881 3630 1050 3701; x_wconf 81' lang='lat' dir='ltr'><strong>quamobrem</strong></span> <span class='ocrx_word' id='word_1_296' title='bbox 1069 3630 1147 3680; x_wconf 87' lang='lat' dir='ltr'><strong>etiam</strong></span> <span class='ocrx_word' id='word_1_297' title='bbox 1165 3642 1220 3679; x_wconf 83' lang='lat' dir='ltr'><strong><em>nox</em></strong></span> 
     </span>
     <span class='ocr_line' id='line_1_35' title="bbox 108 3699 1221 3776; baseline -0.014 -14"><span class='ocrx_word' id='word_1_298' title='bbox 108 3710 160 3762; x_wconf 84' lang='lat' dir='ltr'><strong>illa</strong></span> <span class='ocrx_word' id='word_1_299' title='bbox 182 3724 277 3760; x_wconf 82' lang='lat' dir='ltr'><strong>omnes</strong></span> <span class='ocrx_word' id='word_1_300' title='bbox 308 3708 415 3760; x_wconf 87' lang='lat' dir='ltr'><strong>tenebat</strong></span> <span class='ocrx_word' id='word_1_301' title='bbox 434 3712 461 3762; x_wconf 88' lang='lat' dir='ltr'><strong><em>in</em></strong></span> <span class='ocrx_word' id='word_1_302' title='bbox 488 3709 733 3776; x_wconf 71' lang='lat' dir='ltr'><strong>exspectationibus</strong></span> <span class='ocrx_word' id='word_1_303' title='bbox 758 3722 812 3758; x_wconf 88' lang='lat' dir='ltr'><strong><em>non</em></strong></span> <span class='ocrx_word' id='word_1_304' title='bbox 836 3705 929 3767; x_wconf 87' lang='lat' dir='ltr'><strong>bonis,</strong></span> <span class='ocrx_word' id='word_1_305' title='bbox 955 3702 1018 3770; x_wconf 86' lang='lat' dir='ltr'><strong>quia</strong></span> <span class='ocrx_word' id='word_1_306' title='bbox 1037 3701 1115 3753; x_wconf 87' lang='lat' dir='ltr'><strong>etium</strong></span> <span class='ocrx_word' id='word_1_307' title='bbox 1134 3699 1221 3767; x_wconf 83' lang='lat' dir='ltr'><strong>pede.</strong></span> 
     </span>
     <span class='ocr_line' id='line_1_36' title="bbox 107 3772 1220 3842; baseline -0.01 -9"><span class='ocrx_word' id='word_1_308' title='bbox 107 3782 175 3833; x_wconf 85' lang='lat' dir='ltr'><strong>atris</strong></span> <span class='ocrx_word' id='word_1_309' title='bbox 199 3780 335 3831; x_wconf 84' lang='lat' dir='ltr'><strong>exercitus</strong></span> <span class='ocrx_word' id='word_1_310' title='bbox 358 3783 444 3833; x_wconf 87' lang='lat' dir='ltr'><strong>omnis</strong></span> <span class='ocrx_word' id='word_1_311' title='bbox 462 3781 648 3835; x_wconf 80' lang='lat' dir='ltr'><strong>Armeniorum</strong></span> <span class='ocrx_word' id='word_1_312' title='bbox 668 3781 755 3831; x_wconf 88' lang='lat' dir='ltr'><strong>iussos</strong></span> <span class='ocrx_word' id='word_1_313' title='bbox 774 3785 880 3828; x_wconf 83' lang='lat' dir='ltr'><strong>noctem</strong></span> <span class='ocrx_word' id='word_1_314' title='bbox 899 3776 999 3842; x_wconf 79' lang='lat' dir='ltr'><strong>degere</strong></span> <span class='ocrx_word' id='word_1_315' title='bbox 1018 3774 1089 3825; x_wconf 87' lang='lat' dir='ltr'><strong>circa</strong></span> <span class='ocrx_word' id='word_1_316' title='bbox 1111 3772 1220 3834; x_wconf 82' lang='lat' dir='ltr'><strong>fossam,</strong></span> 
     </span>
     <span class='ocr_line' id='line_1_37' title="bbox 109 3843 1222 3910; baseline -0.008 -8"><span class='ocrx_word' id='word_1_317' title='bbox 109 3854 135 3903; x_wconf 86' lang='lat' dir='ltr'><strong><em>in</em></strong></span> <span class='ocrx_word' id='word_1_318' title='bbox 157 3850 356 3903; x_wconf 88' lang='lat' dir='ltr'><strong>monitionibus</strong></span> <span class='ocrx_word' id='word_1_319' title='bbox 383 3852 563 3905; x_wconf 71' lang='lat' dir='ltr'><strong>anterioribus</strong></span> <span class='ocrx_word' id='word_1_320' title='bbox 582 3851 759 3903; x_wconf 82' lang='lat' dir='ltr'><strong>deiectionem</strong></span> <span class='ocrx_word' id='word_1_321' title='bbox 789 3847 930 3899; x_wconf 85' lang='lat' dir='ltr'><strong>meditatus</strong></span> <span class='ocrx_word' id='word_1_322' title='bbox 950 3853 1000 3910; x_wconf 80' lang='lat' dir='ltr'><strong>est,</strong></span> <span class='ocrx_word' id='word_1_323' title='bbox 1019 3859 1074 3896; x_wconf 88' lang='lat' dir='ltr'><strong><em>nou</em></strong></span> <span class='ocrx_word' id='word_1_324' title='bbox 1092 3843 1222 3896; x_wconf 83' lang='lat' dir='ltr'><strong>obediens</strong></span> 
     </span>
     <span class='ocr_line' id='line_1_38' title="bbox 107 3912 1222 3993; baseline -0.011 -18"><span class='ocrx_word' id='word_1_325' title='bbox 107 3922 325 3991; x_wconf 78' lang='lat' dir='ltr'><strong>imperantibus:</strong></span> <span class='ocrx_word' id='word_1_326' title='bbox 349 3930 429 3991; x_wconf 85' lang='lat' dir='ltr'><strong>atque</strong></span> <span class='ocrx_word' id='word_1_327' title='bbox 447 3939 500 3975; x_wconf 84' lang='lat' dir='ltr'><strong><em>uox</em></strong></span> <span class='ocrx_word' id='word_1_328' title='bbox 520 3925 625 3993; x_wconf 87' lang='lat' dir='ltr'><strong>quidem</strong></span> <span class='ocrx_word' id='word_1_329' title='bbox 644 3921 692 3972; x_wconf 89' lang='lat' dir='ltr'><strong>illa</strong></span> <span class='ocrx_word' id='word_1_330' title='bbox 710 3928 739 3971; x_wconf 88' lang='lat' dir='ltr'><strong><em>ut</em></strong></span> <span class='ocrx_word' id='word_1_331' title='bbox 757 3917 854 3969; x_wconf 86' lang='lat' dir='ltr'><strong>acerba</strong></span> <span class='ocrx_word' id='word_1_332' title='bbox 871 3915 961 3985; x_wconf 86' lang='lat' dir='ltr'><strong>aliqua</strong></span> <span class='ocrx_word' id='word_1_333' title='bbox 981 3923 1008 3968; x_wconf 91' lang='lat' dir='ltr'><strong><em>et</em></strong></span> <span class='ocrx_word' id='word_1_334' title='bbox 1025 3915 1116 3983; x_wconf 74' lang='lat' dir='ltr'><strong>gravis</strong></span> <span class='ocrx_word' id='word_1_335' title='bbox 1136 3912 1222 3967; x_wconf 84' lang='lat' dir='ltr'><strong>Grae-</strong></span> 
     </span>
     <span class='ocr_line' id='line_1_39' title="bbox 108 3984 1222 4061; baseline -0.012 -14"><span class='ocrx_word' id='word_1_336' title='bbox 108 3997 148 4047; x_wconf 83' lang='grc' dir='ltr'><strong><em>τίτ</em></strong></span> <span class='ocrx_word' id='word_1_337' title='bbox 171 4002 285 4061; x_wconf 85' lang='lat' dir='ltr'><strong>peracta</strong></span> <span class='ocrx_word' id='word_1_338' title='bbox 306 4002 378 4045; x_wconf 84' lang='lat' dir='ltr'><strong>erat:</strong></span> <span class='ocrx_word' id='word_1_339' title='bbox 398 3996 515 4047; x_wconf 86' lang='lat' dir='ltr'><strong>nondam</strong></span> <span class='ocrx_word' id='word_1_340' title='bbox 539 4003 627 4046; x_wconf 84' lang='lat' dir='ltr'><strong>antem</strong></span> <span class='ocrx_word' id='word_1_341' title='bbox 646 3993 704 4043; x_wconf 88' lang='lat' dir='ltr'><strong>dies</strong></span> <span class='ocrx_word' id='word_1_342' title='bbox 723 3990 868 4053; x_wconf 87' lang='lat' dir='ltr'><strong>oriebatur,</strong></span> <span class='ocrx_word' id='word_1_343' title='bbox 889 3996 916 4039; x_wconf 90' lang='lat' dir='ltr'><strong><em>et</em></strong></span> <span class='ocrx_word' id='word_1_344' title='bbox 935 3988 1026 4040; x_wconf 87' lang='lat' dir='ltr'><strong>hostes</strong></span> <span class='ocrx_word' id='word_1_345' title='bbox 1047 3984 1147 4038; x_wconf 77' lang='lat' dir='ltr'><strong>vallum</strong></span> <span class='ocrx_word' id='word_1_346' title='bbox 1166 3990 1222 4035; x_wconf 91' lang='lat' dir='ltr'><strong>toto</strong></span> 
     </span>
     <span class='ocr_line' id='line_1_40' title="bbox 108 4058 1222 4133; baseline -0.01 -16"><span class='ocrx_word' id='word_1_347' title='bbox 108 4082 171 4117; x_wconf 79' lang='lat' dir='ltr'><strong>enan</strong></span> <span class='ocrx_word' id='word_1_348' title='bbox 196 4064 319 4116; x_wconf 83' lang='lat' dir='ltr'><strong>exercitu</strong></span> <span class='ocrx_word' id='word_1_349' title='bbox 343 4065 491 4121; x_wconf 83' lang='lat' dir='ltr'><strong>cinxerunt.</strong></span> <span class='ocrx_word' id='word_1_350' title='bbox 528 4072 668 4133; x_wconf 80' lang='lat' dir='ltr'><strong>postquam</strong></span> <span class='ocrx_word' id='word_1_351' title='bbox 688 4063 767 4114; x_wconf 87' lang='lat' dir='ltr'><strong>enim.</strong></span> <span class='ocrx_word' id='word_1_352' title='bbox 777 4062 881 4113; x_wconf 84' lang='lat' dir='ltr'><strong>audivit</strong></span> <span class='ocrx_word' id='word_1_353' title='bbox 896 4058 1009 4127; x_wconf 81' lang='lat' dir='ltr'><strong>Chalepi</strong></span> <span class='ocrx_word' id='word_1_354' title='bbox 1028 4058 1154 4127; x_wconf 87' lang='lat' dir='ltr'><strong>princeps</strong></span> <span class='ocrx_word' id='word_1_355' title='bbox 1172 4069 1222 4106; x_wconf 82' lang='lat' dir='ltr'><strong>an-</strong></span> 
     </span>
     <span class='ocr_line' id='line_1_41' title="bbox 107 4128 1222 4205; baseline -0.012 -15"><span class='ocrx_word' id='word_1_356' title='bbox 107 4146 153 4190; x_wconf 81' lang='lat' dir='ltr'><strong>tea</strong></span> <span class='ocrx_word' id='word_1_357' title='bbox 177 4136 277 4189; x_wconf 78' lang='lat' dir='ltr'><strong>factam</strong></span> <span class='ocrx_word' id='word_1_358' title='bbox 298 4137 438 4188; x_wconf 85' lang='lat' dir='ltr'><strong>victoriam</strong></span> <span class='ocrx_word' id='word_1_359' title='bbox 457 4153 472 4188; x_wconf 91' lang='grc' dir='ltr'><strong><em>ι</em></strong></span> <span class='ocrx_word' id='word_1_360' title='bbox 492 4145 567 4205; x_wconf 87' lang='lat' dir='ltr'><strong>parte</strong></span> <span class='ocrx_word' id='word_1_361' title='bbox 585 4148 643 4198; x_wconf 81' lang='lat' dir='ltr'><strong>sua,</strong></span> <span class='ocrx_word' id='word_1_362' title='bbox 663 4150 722 4186; x_wconf 88' lang='lat' dir='ltr'><strong><em>cum</em></strong></span> <span class='ocrx_word' id='word_1_363' title='bbox 743 4140 798 4186; x_wconf 85' lang='lat' dir='ltr'><strong>tota</strong></span> <span class='ocrx_word' id='word_1_364' title='bbox 825 4134 902 4186; x_wconf 80' lang='lat' dir='ltr'><strong>venit</strong></span> <span class='ocrx_word' id='word_1_365' title='bbox 920 4147 968 4184; x_wconf 87' lang='lat' dir='ltr'><strong>sna</strong></span> <span class='ocrx_word' id='word_1_366' title='bbox 986 4131 1013 4183; x_wconf 88' lang='lat' dir='ltr'><strong><em>vi</em></strong></span> <span class='ocrx_word' id='word_1_367' title='bbox 1034 4137 1062 4180; x_wconf 92' lang='lat' dir='ltr'><strong><em>nt</em></strong></span> <span class='ocrx_word' id='word_1_368' title='bbox 1079 4128 1154 4180; x_wconf 86' lang='lat' dir='ltr'><strong>illico</strong></span> <span class='ocrx_word' id='word_1_369' title='bbox 1175 4138 1222 4204; x_wconf 69' lang='lat' dir='ltr'><strong>ca-</strong></span> 
     </span>
    </p>

    <p class='ocr_par' dir='ltr' id='par_1_7' title="bbox 36 4202 1300 4333">
     <span class='ocr_line' id='line_1_42' title="bbox 36 4202 1300 4277; baseline -0.017 -16"><span class='ocrx_word' id='word_1_370' title='bbox 36 4242 43 4255; x_wconf 88' lang='lat'><strong>·</strong></span> <span class='ocrx_word' id='word_1_371' title='bbox 107 4215 191 4276; x_wconf 81' lang='lat' dir='ltr'><strong>peret</strong></span> <span class='ocrx_word' id='word_1_372' title='bbox 211 4222 306 4277; x_wconf 72' lang='lat' dir='ltr'><strong>regem</strong></span> <span class='ocrx_word' id='word_1_373' title='bbox 326 4222 386 4259; x_wconf 88' lang='lat' dir='ltr'><strong><em>cum</em></strong></span> <span class='ocrx_word' id='word_1_374' title='bbox 406 4209 526 4260; x_wconf 86' lang='lat' dir='ltr'><strong>exercita</strong></span> <span class='ocrx_word' id='word_1_375' title='bbox 547 4209 591 4277; x_wconf 90' lang='lat' dir='ltr'><strong><em>qni</em></strong></span> <span class='ocrx_word' id='word_1_376' title='bbox 613 4207 638 4257; x_wconf 87' lang='lat' dir='ltr'><strong><em>ei</em></strong></span> <span class='ocrx_word' id='word_1_377' title='bbox 656 4207 762 4258; x_wconf 86' lang='lat' dir='ltr'><strong>aderat:</strong></span> <span class='ocrx_word' id='word_1_378' title='bbox 782 4214 862 4274; x_wconf 89' lang='lat' dir='ltr'><strong>atque</strong></span> <span class='ocrx_word' id='word_1_379' title='bbox 894 4202 935 4255; x_wconf 85' lang='lat' dir='ltr'><strong>iili</strong></span> <span class='ocrx_word' id='word_1_380' title='bbox 955 4202 1070 4272; x_wconf 81' lang='lat' dir='ltr'><strong>quidem,</strong></span> <span class='ocrx_word' id='word_1_381' title='bbox 1089 4202 1125 4250; x_wconf 87' lang='lat' dir='ltr'><strong>ita</strong></span> <span class='ocrx_word' id='word_1_382' title='bbox 1144 4208 1223 4262; x_wconf 78' lang='grc' dir='ltr'><strong><em>ορατ.</em></strong></span> <span class='ocrx_word' id='word_1_383' title='bbox 1294 4206 1300 4213; x_wconf 88' lang='grc'><em>·</em></span> 
     </span>
     <span class='ocr_line' id='line_1_43' title="bbox 106 4264 1222 4333; baseline -0.018 0"><span class='ocrx_word' id='word_1_384' title='bbox 106 4290 168 4333; x_wconf 80' lang='lat' dir='ltr'><strong>tare</strong></span> <span class='ocrx_word' id='word_1_385' title='bbox 186 4281 263 4333; x_wconf 85' lang='lat' dir='ltr'><strong>eirca</strong></span> <span class='ocrx_word' id='word_1_386' title='bbox 283 4293 332 4331; x_wconf 92' lang='lat' dir='ltr'><strong><em>nos</em></strong></span> <span class='ocrx_word' id='word_1_387' title='bbox 353 4286 379 4329; x_wconf 88' lang='lat' dir='ltr'><strong><em>et</em></strong></span> <span class='ocrx_word' id='word_1_388' title='bbox 398 4280 513 4332; x_wconf 81' lang='lat' dir='ltr'><strong>ferarum</strong></span> <span class='ocrx_word' id='word_1_389' title='bbox 523 4283 606 4332; x_wconf 86' lang='lat' dir='ltr'><strong>instar</strong></span> <span class='ocrx_word' id='word_1_390' title='bbox 623 4292 672 4330; x_wconf 90' lang='lat' dir='ltr'><strong><em>uos</em></strong></span> <span class='ocrx_word' id='word_1_391' title='bbox 687 4284 790 4330; x_wconf 88' lang='lat' dir='ltr'><strong>terrare</strong></span> <span class='ocrx_word' id='word_1_392' title='bbox 805 4276 926 4330; x_wconf 88' lang='lat' dir='ltr'><strong>barbaris</strong></span> <span class='ocrx_word' id='word_1_393' title='bbox 944 4272 1090 4326; x_wconf 84' lang='lat' dir='ltr'><strong>ululatibus</strong></span> <span class='ocrx_word' id='word_1_394' title='bbox 1100 4282 1154 4320; x_wconf 91' lang='lat' dir='ltr'><strong><em>non</em></strong></span> <span class='ocrx_word' id='word_1_395' title='bbox 1172 4264 1222 4317; x_wconf 83' lang='lat' dir='ltr'><strong>dc..</strong></span> 
     </span>
    </p>
   </div>
   <div class='ocr_carea' id='block_1_6' title="bbox 186 4367 1037 4430">
    <p class='ocr_par' dir='ltr' id='par_1_8' title="bbox 186 4367 1037 4430">
     <span class='ocr_line' id='line_1_44' title="bbox 186 4367 1037 4430; baseline -0.013 0"><span class='ocrx_word' id='word_1_396' title='bbox 186 4374 273 4430; x_wconf 71' lang='lat' dir='ltr'><strong>utet.</strong></span> <span class='ocrx_word' id='word_1_397' title='bbox 293 4373 375 4429; x_wconf 78' lang='grc' dir='ltr'><strong><em>Διιτλ.</em></strong></span> <span class='ocrx_word' id='word_1_398' title='bbox 398 4375 466 4429; x_wconf 73' lang='lat' dir='ltr'><strong>titas.</strong></span> <span class='ocrx_word' id='word_1_399' title='bbox 941 4370 947 4378; x_wconf 91' lang='grc'><em>’</em></span> <span class='ocrx_word' id='word_1_400' title='bbox 1019 4367 1037 4419; x_wconf 79' lang='lat'>8</span> 
     </span>
    </p>
   </div>
   <div class='ocr_carea' id='block_1_7' title="bbox 0 0 1596 4986">
    <p class='ocr_par' dir='ltr' id='par_1_9' title="bbox 0 0 1596 4986">
     <span class='ocr_line' id='line_1_45' title="bbox 0 0 1596 4986; baseline 0 0"><span class='ocrx_word' id='word_1_401' title='bbox 0 0 1596 4986; x_wconf 95' lang='lat' dir='ltr'><strong><em> </em></strong></span> 
     </span>
    </p>
   </div>
  </div>
 </body>
</html>
