3182 4986
536 339 744 414 Hid'foitid.
802 404 806 411 .
1101 342 1190 418 -ίλθ

83 496 119 564 οἱ
137 502 199 579 μδν
220 493 312 566 ἀλλοι
332 504 398 566 τῶν
422 504 597 585 δικαστιόν,
626 500 851 590 μαρτυρούσης
873 527 929 586 μοι
952 507 1010 591 τῆς
1037 507 1190 591 ἀληθείας

85 601 191 683 αύτῆς
221 601 277 685 (ου’
297 598 359 686 γάρ
386 599 606 690 θρυπτόμενος
632 630 664 672 τι
684 608 762 683 λέξω
790 600 813 691 ἢ
835 605 970 689 ἐξαίρων
990 606 1138 689 ἐμαυτὸν,
1166 601 1189 691 ἢ

84 698 261 780 σεμνύνει
286 701 340 766 καί
361 698 447 785 παρά
471 703 534 768 τῶν
556 704 736 790 ἀνθρώπων
756 703 904 791 θηρεύων
925 702 1070 770 ἔπαινον·
1113 707 1190 771 ου’δδ

82 796 150 882 γάρ
174 797 302 890 ἔμαοτρῖ
323 800 455 867 σύνοιδά
480 827 509 868 τι
533 803 668 888 ζηλωτόν
691 831 719 872 τι
746 807 801 869 καί
822 807 999 890 περιδίξιον
1019 806 1089 870 ου’δ’
1109 806 1190 871 ύπε-

60 903 189 985 προχῆς
208 924 239 966 τι
261 906 390 986 μέτριον
411 906 585 984 λείψανον·
627 903 787 989 ἀγαπητὸν
805 903 866 990 γάρ
888 905 919 970 εί
930 910 985 970 καί
1003 913 1069 984 τοϊς
1088 901 1191 989 ἀσχά-

85 1023 157 1077 τοις
179 1004 241 1067 τῶν
276 1002 370 1087 λόγου
389 1005 501 1092 ζποσάς
529 1005 729 1089 μετεχόντων
756 1009 1000 1093 σοντατιοίμην)
1032 1047 1073 1059 -
1102 999 1191 1072 οὗτοι

85 1092 147 1166 ούν
171 1098 201 1164 οἱ
223 1105 278 1188 τῆς
301 1106 379 1188 ίμῆς
403 1104 519 1183 τάξεως
540 1104 595 1169 καί
614 1108 778 1181 κοινωνίας
798 1100 819 1190 ἢ
840 1103 983 1190 ἑταιρίας
1003 1111 1190 1173 συνεπαινί.
1284 1160 1287 1165 ,

87 1227 144 1267 ται
166 1205 223 1268 καί
243 1205 339 1268 αάταί
358 1212 423 1281 τοῖς
444 1210 767 1288 προβεβουλευμένοις
782 1201 941 1292 γεγόνασι,
961 1203 1056 1287 μόνος
1077 1210 1110 1272 δ’
1130 1209 1191 1273 αύ-

86 1305 144 1381 τάς
169 1304 316 1370 ἐσιώπων
339 1301 515 1385 ἱστάμενος.
561 1304 633 1373 ὅδὲ
655 1306 807 1390 βασιλεύς
828 1304 1132 1393 συμμετρησάμενος
1153 1308 1190 1373 τὸ

51 1427 78 1478 td
88 1408 246 1489 ἠρεμαῖον
267 1410 323 1489 τῆς
345 1407 415 1470 κατ’
436 1407 492 1487 ε’μδ
514 1404 761 1492 παραστάσεως,
782 1406 874 1491 λόγον
895 1411 1092 1495 δξηρημίνως
1112 1407 1194 1497 ἀπῄ-

86 1508 165 1590 τησέ
176 1527 229 1587 με,
249 1507 304 1569 καί
323 1510 357 1570 τί
368 1530 423 1586 μοι
445 1503 479 1570 ιδ
504 1503 735 1593 παριστάμενον
758 1506 832 1590 περί
851 1503 972 1572 τούτων
993 1510 1088 1573 ἐστίν.
1133 1510 1194 1574 αύ·

90 1607 147 1682 τάς
177 1608 213 1671 δὲ
235 1603 506 1691 τερατευσάμενος
538 1606 691 1693 πρότερον
723 1607 765 1684 ὥς
795 1609 888 1672 odat»
909 1632 940 1672 τι
963 1612 1018 1673 τού
1051 1610 1195 1694 πλήθους

89 1704 182 1783 ἀκτάς
205 1706 363 1790 δυναίμην
389 1709 488 1771 εἰπεῖν
520 1707 595 1771 οὐδὲ
623 1704 856 1792 καρτερώτερος
888 1705 1051 1793 ὀφθῆναι,
1084 1703 1142 1774 κάν
1165 1734 1194 1774 τι

91 1803 268 1887 δοκιμάσω,
287 1806 411 1883 πάντως
434 1804 776 1892 ἀποδυκιμασδὴσομαι
797 1811 853 1890 τῆς
873 1808 935 1872 τῶν
955 1805 1106 1875 πλειόνων
1128 1808 1197 1894 ψη-

55 1929 156 1994 ιςρου
178 1902 423 1992 ἐπικρατούσης,
446 1907 499 1974 ἀεί
518 1906 599 1990 μετά
624 1911 739 1991 πολλῆς
763 1904 778 1972 ὁ
801 1908 952 1990 βασιλεὺς
971 1911 1025 1994 τῆς
1045 1911 1196 1994 ἐπιμονῆς

92 2012 147 2073 καί
168 2011 224 2092 τῆς
245 2010 444 2088 ἀμεταθέτου
468 2007 644 2084 ίνοτάσεως
673 2009 892 2091 προετρίριατό
913 2033 954 2091 με
981 2008 1016 2075 τύ
1037 2014 1118 2076 κατὰ
1141 2015 1224 2076 to-t.
1240 2017 1326 2074 lssdr·

92 2108 209 2190 μσμὸν
232 2107 334 2184 ἀδεῶς
354 2109 502 2192 ἀνειπεῖν,
523 2107 579 2174 τὸν
598 2106 672 2172 θεὸν
694 2105 864 2193 ἐπιστήσας
874 2132 931 2191 μοι
952 2108 1115 2194 μάρτυρα.
1135 2135 1196 2194 με-

93 2208 242 2293 ταβαλὸν
276 2201 333 2273 ούν
353 2210 398 2294 μη
421 2210 565 2293 ἀρέσκειν
586 2233 640 2290 μοι
670 2206 725 2293 τὴν
756 2207 875 2294 βουλὴν
895 2207 1014 2295 ταύτην
1037 2210 1137 2287 εύδύς
1163 2211 1197 2277 ἐκ

95 2311 274 2394 προοιμίων
291 2309 498 2395 ἀπήγγειλαν,
531 2308 682 2395 προσθείς
707 2305 749 2383 ἀς
780 2308 809 2375 οἱ
833 2313 977 2390 πολέμιοι
1001 2311 1039 2376 ου’
1058 2318 1197 2394 παντελῆ

54 2413 290 2496 σοδυσκληρίαν
313 2416 366 2475 καί
386 2410 611 2498 καταστροφὴν
632 2414 666 2475 ἐν
687 2412 729 2498 rui
749 2414 873 2497 πολέμῳ
894 2408 1049 2487 ἐδέξαντο.
1094 2409 1113 2496 η’
1135 2413 1196 2495 γάρ

94 2506 215 2594 ἑσπέρα
235 2512 318 2594 ταχύ
344 2513 570 2593 καταλαβοῦσα
593 2513 744 2576 διέσωσεν
765 2508 891 2592 αύτούς,
913 2509 968 2576 καί
985 2509 1019 2578 ro*
1042 2513 1097 2577 ίπί
1114 2516 1199 2594 τρεῖς

94 2609 217 2694 η’μίρας
247 2610 399 2699 ἀνεδῆηαι
430 2609 487 2695 την
517 2613 625 2689 δίωξιν
653 2610 690 2676 τύ
723 2613 792 2688 δέος
826 2611 949 2687 τούτοις
977 2612 1200 2676 ἀνεκαλύσατοζ

94 2712 151 2776 καί
170 2714 265 2779 τοῦτο
283 2712 377 2795 δῆλον
390 2708 425 2776 ἔκ
439 2734 473 2777 τε
492 2713 546 2777 τοῦ
564 2709 611 2795 μὴ
632 2714 892 2799 καταλειφθῆναί
911 2736 941 2778 τι
963 2714 1025 2776 τάν
1045 2707 1201 2798 λαφύρων

173 2888 199 2942 1.
221 2887 456 2962 nuntiataque.

100 3053 135 3106 de
155 3068 189 3106 eo
208 3054 296 3121 petiit.
318 3053 390 3122 atqui
409 3052 457 3104 alii
475 3054 579 3121 quidem
599 3055 712 3119 iudicer,
731 3057 757 3108 id
775 3056 844 3124 quod
866 3056 1003 3107 confirmat
1020 3054 1085 3106 mihi
1103 3055 1203 3109 veritat

101 3129 178 3194 ipra,
200 3140 289 3194 neque
310 3125 379 3176 enim
398 3124 524 3178 aimnlane
549 3125 650 3194 aliquid
676 3128 760 3178 diuam
780 3133 827 3176 aut
854 3126 967 3177 efferens
986 3140 1038 3188 me,
1059 3132 1103 3176 ant
1123 3124 1226 3191 ampli⁴

101 3198 164 3266 qnid
184 3205 211 3247 et
230 3197 264 3248 ab
287 3195 438 3248 hominibus
457 3205 565 3264 captane
584 3197 704 3252 landem:
724 3211 813 3262 neque
833 3197 901 3246 enim
922 3196 1044 3246 conaeiua
1062 3193 1126 3245 mihi
1146 3210 1204 3245 eum

102 3270 143 3320 rei
168 3269 343 3319 admiratione
367 3267 464 3334 dignae
489 3276 516 3319 et
540 3276 617 3334 aptae
645 3282 732 3335 neque
755 3265 915 3318 modicarum
936 3265 1113 3333 praestantiae
1134 3264 1204 3317 reli.
1274 3264 1278 3277 '

102 3340 233 3407 quintum.
278 3347 416 3405 acceptum
443 3340 512 3391 enim
534 3346 619 3403 earet,
639 3340 661 3389 ri
684 3340 742 3407 quia
768 3337 812 3390 vel
832 3338 931 3390 ultimir
951 3352 1052 3400 eorum,
1074 3338 1119 3405 qni
1140 3349 1204 3387 ora.

102 3413 185 3462 tiomr
204 3425 312 3479 quoquo
339 3409 417 3461 modo
445 3411 589 3479 participer
615 3418 699 3473 erant,
725 3427 767 3462 me
792 3416 973 3477 componeret.
1012 3407 1039 3458 hi
1059 3408 1141 3475 igitur
1158 3408 1204 3477 qni

103 3498 138 3534 ex
157 3496 216 3532 meo
236 3482 329 3533 ordine
349 3489 377 3531 et
394 3482 580 3533 communione
606 3481 652 3533 vel
671 3483 800 3534 societate
820 3488 905 3545 erant,
933 3480 1087 3532 laudatores
1106 3487 1134 3529 et
1151 3477 1204 3545 ἱροὶ

104 3562 184 3605 antea
205 3554 309 3605 rtntutie
328 3552 450 3605 inerunt:
473 3551 547 3605 autur
567 3554 625 3620 ipse
644 3552 755 3605 silebam
774 3554 889 3606 odetuna.
938 3567 987 3604 rex
1005 3556 1092 3601 antem
1112 3550 1204 3601 conai.
1292 3597 1299 3608 ,

102 3625 199 3676 derant
218 3626 336 3693 quietum
354 3639 429 3675 meae
450 3626 617 3690 praenuntiae
635 3640 791 3692 responsum
811 3624 907 3691 (certia
925 3621 1031 3691 verbis)
1051 3626 1126 3672 extra
1143 3635 1204 3671 mo.

102 3712 161 3751 rem
180 3712 214 3746 ex
230 3711 273 3747 ma
293 3695 427 3764 quaeaivit
446 3703 473 3746 et
491 3696 554 3762 qnid
572 3695 606 3747 de
634 3694 675 3747 hia
694 3695 758 3747 mihi
782 3701 925 3746 conamret.
963 3693 1021 3759 ipae
1039 3699 1126 3743 autem
1146 3706 1205 3743 enm

101 3767 256 3819 simularem
273 3774 367 3829 anteo,
394 3781 436 3817 me
457 3766 527 3817 nihii
545 3766 674 3833 procule
700 3766 868 3819 multitudine
896 3779 977 3832 poree
994 3765 1097 3828 dicere,
1115 3779 1204 3833 neque

103 3838 262 3894 validiorem
281 3838 393 3904 adonici,
413 3843 440 3888 et
456 3838 479 3888 ai
498 3838 561 3906 qnid
580 3837 738 3904 probaturae
753 3852 837 3889 eaaem
850 3837 957 3887 omnino
976 3835 1150 3902 improbatum
1161 3836 1205 3901 iri,

102 3910 221 3979 plurium
240 3909 373 3961 sententia
392 3924 497 3976 temper
514 3909 690 3976 principatum
710 3915 829 3971 tenente,
847 3922 896 3959 rex
908 3906 992 3959 multa
1011 3923 1069 3958 curn
1089 3907 1206 3963 arridei..

102 3990 161 4034 tate
182 3988 210 4031 et
226 3982 360 4031 immutata
380 3981 528 4032 constantia
547 3980 700 4031 exhortatur
726 3986 766 4031 ert
784 3994 843 4042 me,
872 3986 901 4030 ut
919 3978 983 4047 quid
1001 3980 1127 4030 sentirem
1148 3979 1206 4029 aine

100 4056 202 4105 timore
219 4052 346 4115 dicarem,
364 4052 442 4103 deum
461 4050 525 4102 mihi
547 4059 642 4103 tentem
662 4050 835 4102 consumens.
854 4051 1018 4118 respondens
1045 4051 1127 4119 igitur
1152 4062 1207 4101 non

103 4124 216 4193 plaeere
233 4122 299 4173 mihi
319 4121 460 4173 consilium
480 4121 531 4174 hoo
549 4124 637 4174 atatim
655 4121 688 4173 ab
708 4114 785 4173 initio
803 4122 965 4187 nuntiabam,
990 4123 1135 4184 adiiciena,
1155 4118 1207 4169 ho-

104 4204 163 4248 rter
181 4208 234 4245 non
253 4192 404 4245 absolutum
422 4192 519 4245 maium
541 4203 581 4269 et⁸
589 4193 691 4245 ruinam
710 4195 737 4244 in
756 4193 829 4245 bello
841 4195 988 4262 accepiaae.
1026 4206 1124 4258 reaper
1138 4189 1208 4256 enirn

101 4265 235 4319 celeriter
253 4279 388 4332 occupare
406 4265 527 4318 servarit
543 4280 605 4317 eoet
626 4273 653 4317 et
671 4280 730 4318 curn
748 4280 798 4333 per
815 4272 870 4318 tren
888 4265 945 4317 dier
954 4265 1134 4317 remitteretur
1142 4273 1208 4327 per.

166 4377 251 4437 Μελ.
274 4376 361 4435 attat.
379 4375 448 4437 utu.
1007 4374 1025 4433 9
