3150 4986
388 349 464 422 228
681 348 901 418 MIOEABLIS
937 342 1197 413 Aaronom

388 510 523 595 ἔβαλλον
554 512 622 575 κατ’
645 511 758 595 αίτοῦ,
779 505 957 595 προστάξας
984 505 1081 582 αὐτὸς
1109 500 1252 592 κεφαλάς
1270 506 1335 569 τῶν
1354 523 1490 567 κατανι-

390 613 508 677 nitran
534 609 666 696 ἔναγχος
690 610 944 676 άνταττέατελλεν.
987 607 1020 672 ot
1038 610 1074 672 dl
1094 605 1215 683 ταάτας
1234 604 1355 680 ἰδόντες
1375 605 1488 692 salse?

388 709 559 799 παραδόξῳ
585 715 894 797 καταπεπληγμένοι,
918 701 1009 776 άλλοι
1040 710 1077 775 δέ
1098 711 1154 773 καί
1179 709 1392 792 γνωρίσαντες
1410 726 1488 786 coy-

387 817 485 895 γενάν
514 804 536 896 ή
564 816 683 898 φιλονν·
698 817 754 877 καί
778 810 935 893 ὁμογνίων
964 807 1131 894 τυγχάνειν
1160 805 1202 873 τά
1225 806 1359 892 κάρηνα,
1379 806 1436 869 καί
1453 802 1486 869 τά

390 910 495 989 πάθος
514 911 560 996 μή
584 915 778 997 ἐνέγκαντες,
807 909 865 987 τὰς
886 913 999 998 τρίχας
1024 914 1206 977 κατέτιλλον
1232 910 1288 973 καί
1307 906 1344 970 τὸ
1368 903 1509 991 dodones

388 1014 435 1091 εἰς
457 1014 575 1099 θρήνον
595 1018 776 1097 μετέβαλον.
1235 1040 1241 1051 ·
1568 1038 1570 1085 t

488 1107 568 1180 Εἶτα
589 1119 716 1188 πολλοῖς
747 1112 989 1198 στρατηγήματι
1013 1114 1071 1177 καί
1096 1114 1277 1199 σοφίσμασι
1297 1111 1354 1175 καί
1373 1110 1489 1195 ταύτην

387 1215 444 1303 τήν
465 1213 558 1281 πόλιν
580 1214 865 1300 παραστησάμενος
882 1211 900 1277 d
922 1216 1058 1298 Φωκίς,
1079 1208 1164 1278 οὕτω
1185 1216 1292 1278 πάσαν
1313 1207 1375 1295 τήν
1396 1213 1491 1295 νήσνν

388 1320 526 1402 ὑαστελή
547 1314 603 1382 καί
623 1314 790 1402 ὖτιόφσρον
802 1322 868 1392 τοῖς
885 1313 1237 1403 Ῥωμαιζοιςσῖκέδτιξε,
1260 1315 1316 1377 καί
1326 1314 1491 1396 Χριστια-

388 1421 451 1484 νῶν
481 1416 537 1483 καί
564 1413 745 1502 ὅρθοδόξσον
775 1417 847 1481 α’ντί
871 1418 1067 1502 Σαρακηνάν
1099 1416 1266 1498 πεποίηκεν
1298 1407 1527 1507 οἱκητήριον.ςρ

388 1519 444 1588 καί
463 1523 519 1585 νῦν
531 1516 649 1585 ὅστινὸ
670 1518 943 1594 κατασκευασθεὶς
962 1522 1041 1601 παρ’
1053 1518 1174 1583 έκτίνσν
1188 1511 1381 1600 αερικαλλής
1402 1511 1488 1597 ναός,

388 1626 443 1688 καί
464 1622 514 1686 ἐπ’
535 1616 669 1699 ὀνόματι
691 1620 748 1701 τής
769 1615 922 1682 sassiaco
955 1614 1134 1699 τιμώμενος
1159 1617 1215 1681 κατ’
1234 1616 1293 1680 τοῦ
1311 1617 1489 1704 μαγίατρον
1568 1614 1570 1735 ή

387 1718 562 1802 λεγόμενος,
578 1715 634 1780 καί
646 1714 771 1793 ου’τὸςό
787 1720 902 1793 Φακᾶς
917 1716 1173 1802 α’νεστηλωμένος
1188 1718 1222 1782 έν
1240 1712 1341 1807 rosires
1364 1714 1490 1802 νικητής

387 1823 443 1886 καί
470 1819 705 1902 τροτιαιοῦχος,
736 1818 851 1902 δεῖγμα
881 1821 939 1904 τής
960 1818 1092 1902 ἀνδρίας
1125 1818 1227 1884 arisati
1248 1817 1305 1883 καί
1323 1819 1492 1900 είσεβείας
1569 1896 1570 1901 ¹

386 1923 442 2005 τής
462 1915 653 2004 τηλικαύτης
682 1919 779 2001 νήοοο
807 1920 971 2001 παριστάν
999 1919 1057 2004 τήν
1087 1917 1287 2003 κατάκτησιν.
1332 1909 1531 1986 asteismo

385 2023 494 2087 τοῦτον
515 2017 575 2100 tyni
599 2022 639 2107 τῇ
652 2016 735 2108 νήσῳ
756 2015 1013 2105 ἐπιδεδημηκώς·
1038 2018 1094 2085 κατ’
1112 2016 1198 2086 ἔστιν
1219 2018 1364 2105 deotolt
1386 2016 1490 2105 ντάντη

387 2124 433 2206 τῷ
454 2122 767 2203 αρομνημονεοθέντι
780 2123 913 2199 βασιλεῖ
919 2125 1019 2208 κυρίῳ
1036 2118 1211 2209 Νικηφόρῳ
1225 2121 1267 2208 τῷ
1278 2117 1491 2206 Βοταντιάτη,
1569 2150 1570 2155 ’

387 2221 520 2294 πίστεως
541 2216 697 2303 α’κριβοῦς
718 2215 879 2302 σύμβολον
900 2223 960 2285 τοῦ
987 2216 1067 2287 εἶναι
1094 2223 1203 2285 τοῦτον
1224 2222 1344 2284 έκτίνοο
1368 2217 1493 2301 datys-

386 2343 451 2385 νον.
494 2321 525 2383 εἰ
544 2321 580 2385 δὲ
601 2316 646 2402 μή
668 2317 722 2384 διά
743 2317 801 2401 τήν
820 2320 985 2402 εὐσέβειαν
1003 2324 1108 2387 adreci
1126 2320 1182 2387 καί
1199 2318 1371 2402 εὐλάβειαν
1391 2320 1493 2403 σονήκ

296 2504 299 2513 ‚
389 2414 476 2506 αάτῷ
498 2418 517 2503 ή
539 2422 614 2484 θεία
645 2421 829 2505 α’ντίληψις,
855 2416 982 2496 πάντως
1014 2415 1133 2507 άιτορος
1166 2415 1205 2486 άν
1236 2418 1371 2505 έγεγόνει
1391 2423 1450 2484 κατ’
1472 2417 1532 2502 ήςρ

388 2519 471 2603 πρὸς
490 2518 549 2603 τήν
573 2520 704 2606 Κρήτην
726 2517 801 2596 ὁδός
824 2520 877 2585 καί
906 2519 925 2605 ἢ
947 2523 1012 2587 τῶν
1031 2526 1292 2606 βεβουλευμένων
1312 2529 1377 2597 τοῖς
1397 2524 1493 2586 isar·
1568 2550 1569 2579 ς

388 2623 469 2695 τίσις
490 2625 682 2708 φανέρωσις,
716 2622 772 2685 καί
793 2611 814 2703 ή
835 2614 994 2706 άνιρακτος
1014 2620 1232 2708 άιιεχάρησεν,
1252 2613 1273 2706 ἢ
1294 2621 1491 2706 κατάβρανμα

386 2724 453 2792 τοίς
473 2722 635 2801 πολεμίοις
661 2717 794 2804 ἐγεγόνει
826 2723 882 2787 καί
901 2722 1134 2808 κατατάτημα·
1185 2719 1269 2805 ἔχων
1288 2724 1326 2787 δέ
1347 2722 1390 2785 δι’
1411 2722 1493 2805 α’ρε-

387 3008 493 3065 stabant
511 3015 631 3075 arceret,
651 3015 679 3061 et
697 3008 739 3061 illi
758 3009 862 3078 lapides
879 3010 1000 3064 iacerent
1024 3017 1117 3063 eontra
1135 3024 1212 3076 enm,
1231 3012 1290 3079 ipss
1306 3011 1383 3064 iussu
1403 3012 1491 3079 capita
1567 3002 1568 3017 ¹

386 3097 474 3149 nuper
492 3082 643 3133 occisorum
670 3081 799 3134 adversus
820 3097 867 3134 ees
886 3083 967 3135 misit.
1010 3080 1052 3134 illi
1071 3090 1159 3135 autem
1182 3081 1250 3134 haee
1269 3083 1394 3137 videntes
1414 3092 1440 3135 et
1459 3099 1491 3134 re
1567 3100 1568 3103 ¹

386 3155 570 3221 inexspectata
591 3153 750 3221 stupefacti,
775 3152 823 3204 alii
839 3153 917 3206 etiam
936 3161 1113 3222 agnoscentes
1143 3152 1262 3205 affinium
1280 3162 1326 3205 aut
1343 3155 1491 3206 amicorum

386 3233 432 3276 aot
461 3233 634 3293 cognatorum
668 3225 755 3292 capita
784 3240 873 3294 neque
891 3223 1011 3277 delorem
1036 3225 1153 3278 ferentes
1177 3226 1266 3277 crinas
1286 3224 1444 3279 evellebant
1462 3234 1491 3277 et

386 3296 522 3348 audaciam
538 3297 566 3346 in
585 3295 789 3349 lamentationes
809 3294 958 3361 vertebant.

485 3391 588 3444 Deinde
603 3391 693 3443 multis
711 3391 781 3445 dolis
800 3399 827 3442 et
842 3393 962 3446 artificiis
982 3401 1121 3464 postquam
1133 3393 1201 3446 hunc
1220 3408 1329 3462 quoqne
1349 3393 1441 3446 nrbenr
1459 3394 1490 3445 in

385 3471 545 3533 potestatem
563 3478 636 3515 suam
658 3463 763 3533 redegit
780 3461 884 3515 Phocas
903 3466 943 3515 sic
959 3472 1041 3517 totam
1061 3465 1175 3529 insulam
1192 3463 1355 3534 vectigalem
1375 3473 1404 3517 et
1421 3464 1488 3516 snb·

385 3537 483 3587 iectatn
502 3535 627 3589 Romanis
657 3534 786 3599 reddidit,
813 3542 839 3585 et
857 3533 1067 3588 christianorum
1095 3545 1174 3605 atque
1200 3536 1409 3588 orthodoxorum
1438 3550 1487 3603 pro

386 3604 526 3659 Saracenis
558 3606 623 3658 iecit
648 3605 828 3669 domicilium,
848 3612 928 3674 atque
947 3622 1018 3659 nnnc
1044 3622 1152 3676 quoqne
1171 3616 1257 3660 exstat
1275 3605 1405 3675 templum
1423 3621 1488 3674 per.

385 3675 526 3740 pulchrum
549 3678 582 3729 ab
609 3676 657 3728 illo
682 3684 843 3730 exstructum
870 3684 898 3727 et
926 3677 976 3729 sub
1001 3680 1110 3730 nomine
1133 3680 1224 3731 matris
1257 3679 1301 3731 dei
1329 3678 1486 3730 bonorum

387 3753 415 3794 et
440 3747 566 3813 templum
591 3750 710 3818 magistri
732 3750 845 3811 dictum,
874 3755 953 3815 atque
973 3750 1031 3816 ipse
1050 3749 1152 3803 Phocus
1178 3749 1302 3802 colomna
1327 3758 1433 3801 erectos
1457 3750 1487 3799 in
1566 3756 1567 3761 ’

387 3814 439 3865 hoc
459 3823 488 3866 ut
512 3819 600 3870 victor
621 3828 649 3872 et
668 3820 808 3884 feretrius,
833 3818 1018 3871 documentum
1038 3822 1145 3873 virtutis
1172 3823 1231 3874 eius
1257 3828 1284 3872 et
1310 3822 1418 3888 piatatis
1442 3827 1487 3870 ta-

387 3884 421 3935 lis
441 3885 545 3937 insulae
564 3890 685 3942 efficiens
706 3891 912 3958 possessionem.
951 3898 1031 3960 atque
1051 3891 1106 3943 ridi
1126 3890 1197 3943 hune
1223 3892 1346 3960 equidem
1372 3906 1430 3944 enm
1456 3892 1485 3941 in

385 3953 500 4007 insulam
527 3957 662 4023 proiectus
684 3977 786 4025 essem,
806 3968 832 4013 et
854 3969 896 4012 est
912 3960 961 4013 ille
983 3961 1078 4013 similis
1097 3964 1206 4014 omnino
1230 3964 1289 4031 regi
1312 3971 1392 4016 antea
1410 3976 1485 4014 eon-

384 4033 532 4080 rnemorato
564 4025 670 4080 domino
698 4029 850 4098 Nicephore
875 4030 1045 4098 Botaniatas,
1078 4032 1141 4084 ildei
1171 4042 1261 4086 certae
1286 4035 1407 4103 signnm,
1425 4047 1486 4085 esse

386 4099 458 4151 hune
476 4096 510 4149 ab
529 4095 578 4148 illo
598 4100 747 4151 oriundum.
784 4103 836 4153 nisi
855 4109 942 4154 sutem
968 4111 1078 4170 propter
1098 4103 1226 4171 pietatem
1245 4106 1304 4155 eins
1324 4113 1353 4157 et
1370 4108 1487 4158 circuns-

385 4171 554 4238 spiciontiam
579 4169 686 4221 adesset
711 4171 735 4220 ei
762 4170 881 4224 divinum
899 4173 1042 4239 auditum,
1073 4176 1181 4227 omnino
1199 4175 1328 4228 inefficax
1348 4177 1443 4229 inisset
1460 4182 1489 4226 at

386 4241 440 4295 iter
458 4247 487 4300 ia
505 4244 611 4300 Cretam
629 4248 782 4311 susceptum
801 4251 828 4296 at
842 4244 1015 4301 consiliorum
1034 4245 1150 4302 hostiurn
1167 4245 1324 4313 declaratio,
1342 4256 1425 4319 atque
1442 4252 1490 4301 ant
1565 4270 1566 4281 2
