3182 4986
497 450 500 453 ¹
554 299 767 420 maroam.
1018 290 1021 297 ⁴
1139 343 1212 423 rat

21 518 38 563 ⁰
101 516 259 580 ε’ντεῦδεν
288 514 330 579 τό
362 516 522 600 προσάντη
559 516 616 579 καί
648 515 788 601 δυσχερῆ
817 516 857 602 api
877 507 1045 596 Ῥωμαίων
1070 516 1217 606 βασιλνίρ

103 618 317 703 συνήντησεν.

209 711 316 794 ’derude
340 709 398 781 οδν
420 716 436 782 δ
458 718 714 803 προβεβλημένος
743 719 789 794 εἰς
808 718 921 797 τοῦτο,
951 715 982 779 εί
998 717 1052 779 καί
1074 719 1141 791 νέας
1162 713 1218 801 την

104 816 241 901 η’λικιλιν
263 817 445 901 έτόγχανεν,
470 811 551 882 όλλό
572 841 606 902 γε
636 818 873 901 πεπλανημένον
892 817 985 880 ου’δὲν
1006 815 1075 879 ον’δ’
1097 817 1217 899 α’παγδς

76 919 166 984 saei
185 919 397 1001 μειρακιῶδες
423 915 558 1003 ίνεργοῖν
588 922 803 1004 κατεφαίνετο.
853 915 952 981 πσλόν
976 918 1011 983 δέ
1032 915 1123 998 λόγον
1143 938 1217 980 ποι-

104 1012 245 1099 οόμενος
278 1021 342 1083 τῶν
371 1015 501 1085 είκότων
532 1019 591 1096 τός
619 1042 652 1085 τε
682 1017 832 1100 δυνάμεις
864 1019 1067 1101 συνηθροίκει
1096 1014 1151 1080 καί
1178 1018 1217 1105 ιγ’

105 1122 312 1202 Καισαρέων
334 1123 542 1203 πασίρρωμος
562 1117 779 1205 έπεφοίτησεν,
803 1120 843 1184 ου’
856 1116 954 1200 μόνον
976 1114 1017 1182 τό
1037 1121 1093 1184 τοῦ
1114 1141 1216 1198 στρα-

105 1222 169 1287 τοῦ
189 1219 369 1299 retrardi,
402 1219 481 1291 ἄλλό
512 1224 568 1285 καί
587 1223 641 1305 τῆς
670 1219 822 1302 εὐνομίας
849 1217 1068 1305 προσηκόντως
1089 1221 1217 1304 φροντί-

107 1324 186 1400 ζων,
211 1322 268 1383 καί
284 1321 360 1396 τούς
382 1319 569 1397 όδικοῦντας
588 1324 650 1386 τοῖν
679 1325 884 1404 στρατιωτῶν
906 1321 1021 1385 έκτίσει
1053 1322 1108 1385 καί
1138 1343 1218 1404 πρα-

65 1436 99 1491 10
108 1425 240 1500 στίμοις
261 1423 316 1503 τῆς
344 1423 543 1496 ἀτασθαλίας
575 1422 841 1504 καθυποβόλλων.
894 1425 1043 1501 πολέμοις
1073 1423 1109 1486 δέ
1136 1443 1218 1486 τισιν

110 1519 260 1602 ἐντυχών
289 1523 413 1605 νικητης
445 1523 653 1609 α’ναπέφηνε,
681 1522 735 1586 καί
761 1519 819 1607 την
837 1525 914 1605 περί
942 1522 1047 1586 αότοῦ
1069 1520 1217 1600 ειίδσξίαν

110 1614 175 1704 ἤδη
197 1618 369 1685 πλατόνειν
396 1621 451 1687 καί
477 1621 665 1706 μεγαλύνειν
701 1616 910 1708 διηγωνίζετσζ
957 1622 1033 1687 αλλ’
1056 1619 1219 1705 δκρατιὸν

111 1720 210 1787 ταυτί
239 1718 279 1785 τό
321 1723 548 1807 προτερήματα
582 1722 817 1805 πυνθανόμενος
847 1727 1002 1805 ειίθυμεῖν
1029 1725 1088 1804 μέν
1117 1719 1218 1813 έρίκει,

110 1822 330 1905 deterreretur
367 1823 454 1887 δέτι
484 1821 570 1907 παριί
606 1822 662 1910 την
698 1812 861 1911 ὁρωμένην
890 1817 967 1907 ὄψιν
997 1824 1055 1889 eda
1082 1817 1149 1907 εἶχέ
1170 1846 1218 1901 τις

66 1934 101 1987 15
111 1921 282 1987 α’ντειπεῖν.
326 1914 412 2003 ὅμως
434 1925 465 1989 δ’
487 1913 553 2004 οὖν,
575 1926 627 1988 ἵνα
649 1924 708 2009 την
729 1928 784 2008 τῆς
803 1919 1009 2008 Ἶεραπόλεως
1032 1920 1217 2007 πολιορκίαν

112 2021 304 2111 α’ποσοβηση
325 2025 382 2087 καί
403 2023 461 2109 την
478 2027 653 2105 πιέζουσαν
674 2022 749 2101 τοός
771 2022 861 2090 ἔνδον
886 2026 1045 2090 σιτοδείαν
1063 2048 1218 2108 παραμο-

50 2184 60 2207 ‚
111 2121 265 2206 θησηται,
288 2132 406 2205 μοῖραν
425 2126 485 2188 ’σόκ
506 2124 677 2210 έλαχίστην
698 2129 755 2191 τοῦ
776 2126 993 2209 στρατοπέδου
1015 2123 1218 2207 α’ποτεμόμε-

111 2244 165 2296 νος
186 2223 289 2288 έκείσε
312 2222 394 2288 κατὰ
416 2227 537 2308 Συρίαν
566 2229 717 2292 α’πελθεϊν
739 2228 929 2309 διωρίσατο,
959 2228 1014 2291 καί
1035 2228 1145 2290 τοῦτον
1165 2223 1219 2290 τόν

109 2322 232 2406 τρόπον
269 2326 322 2408 τῆς
352 2328 386 2389 ίκ
412 2325 532 2391 τοότων
564 2325 674 2410 ίσχόος
701 2328 758 2393 τόν
786 2325 961 2412 στρατηγόν
988 2327 1216 2412 α’πεστέρησεν.

63 2422 160 2499 νοτίς
181 2423 426 2506 dilapidatam
439 2431 699 2512 παραγενομένου
711 2427 824 2494 τούτου
842 2425 923 2509 μετὰ
944 2431 1005 2493 τῶν
1027 2425 1229 2507 δπαλελειμω

108 2526 219 2605 μένων
234 2522 414 2607 δυνάμεων,
435 2529 491 2593 καί
503 2532 578 2612 περί
596 2528 632 2593 τό
652 2522 731 2595 όστυ
744 2528 1084 2613 στρατοπεδεόσιιντος,
1098 2529 1219 2613 έπῆλδέ

109 2645 163 2699 τις
193 2622 318 2710 αληθός
356 2627 492 2714 Ου’ννικη
523 2627 661 2712 πόλεμον
689 2631 790 2720 ταυτην
822 2632 877 2694 καί
907 2629 1015 2714 μόχην
1047 2629 1219 2714 α’ναρριπί-

110 2726 229 2802 ζουσα.
283 2724 418 2805 έξιόντος
445 2731 474 2797 δ’
512 2731 611 2796 edred
638 2735 770 2817 συνέστη
805 2733 864 2815 μέν
891 2729 1027 2820 καρτεροὶ
1064 2731 1218 2820 διαμόχη,

113 3014 166 3070 lati
188 3013 324 3069 heaormrr
343 3015 484 3085 dignitate,
502 3019 689 3088 imperatorem
707 3021 774 3075 belli
793 3028 822 3075 et
845 3022 938 3075 dneem
964 3021 1098 3076 exercitae
1120 3021 1217 3077 reddit.

112 3087 182 3140 inde
199 3095 286 3139 auteur
304 3103 349 3141 rer
367 3089 498 3174 adversque
517 3098 545 3143 et
562 3091 688 3145 difficilea
705 3092 866 3146 Graecorum
893 3106 978 3161 reque
1003 3090 1166 3146 ae'eiderurt.

220 3184 370 3253 Egrediena
389 3187 471 3254 igitur
489 3195 593 3240 creatur
612 3189 644 3240 ad
664 3188 724 3252 hee,
744 3187 809 3239 licet
827 3187 955 3239 iuvenilia
975 3195 1047 3239 erret
1065 3193 1172 3250 aetate,
1192 3194 1219 3237 at

114 3264 195 3308 certe
212 3257 308 3315 incerti
325 3256 394 3309 mihil
413 3273 501 3327 neque
520 3260 615 3313 iniirmi
626 3254 663 3311 'et
681 3259 893 3328 iuvenileaqena
906 3255 1217 3326 conspiciebaturzmul.

113 3336 170 3379 tam
191 3336 276 3378 autem
301 3329 432 3381 rationem
461 3329 561 3383 habena
588 3331 799 3383 necessariorum
826 3338 853 3381 et
877 3330 1011 3383 exercitur
1039 3334 1167 3395 coegerat
1192 3335 1219 3379 et

114 3399 268 3453 menime
287 3399 469 3453 validissimus
487 3403 726 3472 appropinquarit,
754 3417 807 3453 nou
827 3401 913 3455 aulum
932 3417 1000 3471 quae
1020 3399 1052 3452 ad
1071 3400 1218 3452 exereitum

114 3471 255 3539 pertineat
273 3473 439 3525 constituens
458 3474 505 3525 aed
524 3475 602 3525 etiam
621 3475 710 3545 legum
729 3475 848 3526 ordinem
868 3482 929 3540 apte
948 3485 1042 3525 curare
1056 3479 1083 3522 et
1101 3484 1218 3538 pecean-

114 3551 158 3593 tea
177 3540 277 3595 militm
297 3544 468 3612 cartiqatieui
488 3553 515 3597 et
544 3548 638 3612 peerria
665 3547 768 3615 peccati
795 3545 960 3597 aubiieiena:
984 3545 1011 3595 iu
1035 3540 1109 3595 bella
1133 3549 1221 3592 autem

115 3614 247 3682 quaedam
265 3615 387 3666 incidens
406 3617 494 3667 victor
511 3619 642 3684 apparuit,
662 3626 689 3669 et
707 3619 801 3670 famam
820 3632 892 3670 ruam
910 3618 962 3666 iam
972 3612 1112 3681 divulgare
1132 3620 1159 3663 et
1172 3625 1222 3662 au-

115 3700 186 3755 gere
204 3685 392 3737 contendebat.
429 3684 477 3739 red
496 3689 640 3755 imperator
659 3689 706 3741 har
735 3690 862 3741 victoriae
887 3687 1018 3750 audiena,
1043 3685 1115 3736 bono
1134 3684 1222 3735 auimo

116 3771 180 3809 erre
198 3755 347 3821 videbatur,
367 3759 515 3827 excogitari
534 3769 622 3813 autem
642 3761 782 3835 quidquam
802 3767 907 3827 praeter
926 3758 1027 3810 ruitum
1040 3764 1223 3823 apparentem,

115 3843 170 3880 ιστι
191 3835 297 3895 poterat
316 3829 455 3897 quiequam
476 3840 584 3883 econtra
609 3832 715 3883 dicere:
735 3839 821 3883 tamen
849 3831 931 3899 igitur
949 3836 980 3879 ut
998 3827 1150 3895 Hierapolis
1170 3840 1222 3895 op.

115 3900 308 3967 pegmatioaeur
320 3902 484 3967 opprimeret
504 3910 531 3954 et
541 3902 666 3955 frumeuti
686 3903 802 3969 inopiam
821 3916 889 3969 quae
909 3901 979 3952 intua
998 3907 1137 3953 verrantea
1158 3912 1222 3966 pre.

115 3976 212 4033 meret,
232 3969 362 4037 placaret,
382 3979 483 4038 partem
503 3988 556 4025 uon
575 3976 708 4026 minimam
728 3973 861 4023 exercitur
887 3971 1045 4023 abaeindenr
1064 3971 1101 4022 ibi
1121 3973 1148 4022 iu
1168 3971 1222 4036 Sy-

114 4044 155 4092 ria
174 4041 251 4093 abire
268 4042 412 4093 decrevit:
439 4052 466 4094 et
492 4045 541 4095 hoc
561 4047 639 4097 modo
659 4045 751 4096 trorum
771 4044 870 4096 robore
888 4044 1075 4110 imperatorem
1095 4044 1220 4109 privavit.

116 4128 176 4165 curn
194 4121 285 4164 autem
304 4112 452 4165 Sebaatiam
472 4116 515 4169 hic
534 4118 689 4177 adveniaaet
713 4130 772 4167 cum
792 4116 894 4168 relietia
914 4114 1016 4167 uiribua
1036 4124 1063 4166 et
1082 4116 1153 4165 circa
1172 4128 1221 4163 ur-

115 4184 284 4239 remearem
309 4183 437 4250 haberet,
464 4187 575 4241 obvenit
598 4186 738 4241 multitado
765 4188 893 4255 quaedam
920 4186 1091 4251 Euandrum,
1121 4181 1221 4235 bellum

116 4253 179 4309 iric
199 4264 228 4309 et
252 4271 369 4329 pugnam
396 4258 524 4315 excitare.
571 4275 630 4315 eum
647 4256 696 4313 itte
721 4260 913 4328 egrederetur,
939 4259 1060 4311 ceratitit
1077 4254 1221 4309 veterum
