3150 4986
352 216 427 300 234
651 225 870 300 nicolaus
894 161 1154 297 inserebas

351 395 509 478 παρόντος
537 392 787 478 κατορθώματος
816 390 1060 478 ἐκπληττόμενος
1088 390 1282 476 ἀσύγκριτον
1306 389 1448 476 ἔπαρσιν,

351 493 424 562 υόδν
445 494 543 561 αότόν
568 497 718 558 α’πεκδλει
745 498 801 561 καί
827 499 923 578 μέλος
956 492 1061 575 ἴδιον,
1087 492 1142 558 καί
1160 492 1194 558 τὸ
1217 487 1318 575 ὄνομα
1340 490 1447 560 τοότιν

353 594 406 661 διό
432 592 569 681 γλώττης
588 590 665 679 εἶχε.
682 598 737 660 καί
757 594 841 682 δρών
864 593 973 661 ἐπόθει
996 599 1124 676 τοῦτον,
1145 598 1202 659 καί
1219 599 1329 660 παθών
1348 596 1446 676 ἐτίμα,

235 732 239 739 -
350 694 405 761 καί
426 691 611 761 πιστότατον
642 691 710 776 όίμα
733 699 787 761 καί
811 696 1002 761 οἰκειότατον
1024 695 1080 760 καί
1111 696 1308 780 στρατιώτην
1329 698 1445 761 αἰιατα-

348 796 501 878 γώτιστον
520 788 587 887 εἶχε
605 800 660 861 καί
682 798 858 879 ἐλογίζετο,
886 798 942 860 καί
972 796 1186 880 διαλλακτῆρα
1210 797 1273 860 τών
1293 800 1467 878 μεγιστωνῡ

348 895 499 978 καμάτων
521 894 576 962 καί
593 900 739 978 πολέμων
760 900 882 963 ἐτίθετο
905 897 1049 982 ἀσφαλῆ,
1070 896 1113 973 ώς
1132 899 1171 984 τῇ
1192 897 1354 984 παρουσίρ
1374 896 1444 961 τοό.

347 1020 402 1064 του
423 995 604 1082 φευγόντων
624 1000 688 1062 τών
711 1000 862 1064 ἐναντίων
887 998 942 1062 καί
960 1002 1046 1062 νώτα
1069 996 1219 1063 διδόντων
1239 996 1351 1071 εδθός.
1374 990 1445 1061 ὅθεν

347 1100 404 1162 καί
422 1096 482 1163 σόν
505 1098 592 1186 αὐτῷ
617 1099 677 1179 μὲν
704 1097 760 1163 καί
780 1103 825 1187 τῷ
855 1098 955 1181 πατρί
973 1094 1031 1182 τήν
1060 1095 1137 1161 κατό
1169 1101 1232 1162 τῶν
1253 1096 1445 1181 Βουλγόρων

347 1192 446 1284 ἤρατο
470 1197 576 1285 νίκην,
597 1202 727 1282 καὶτῆς
749 1203 953 1282 Βουλγαριάς
980 1197 1273 1281 δυσκαταμαχὴτου
1297 1196 1352 1261 καί
1369 1205 1445 1263 πολ-

346 1304 402 1386 λῆς
422 1298 478 1364 καί
499 1300 682 1366 δυοαλώτου
706 1304 934 1384 γινωσκομένης
955 1298 1150 1379 παντόπασι,
1172 1303 1228 1363 καί
1248 1296 1365 1384 μηδενί
1382 1301 1487 1369 sobrio

345 1402 505 1483 βασιλέοιν
528 1395 737 1485 όποταγείσης
754 1399 809 1465 ἐπί
829 1396 921 1480 πολό,
940 1403 996 1463 καί
1015 1397 1102 1482 παρὰ
1124 1403 1217 1463 τοῦτο
1238 1396 1283 1482 μὴ
1306 1398 1445 1481 ἀνιείσης

346 1503 386 1588 τῇ
408 1503 574 1580 Βύζαντος
607 1499 642 1566 τό
662 1496 813 1583 όνέσιμον
842 1500 897 1564 καί
914 1499 971 1585 τὴν
987 1501 1144 1587 χορηγίαν
1175 1502 1236 1563 τών
1256 1498 1443 1583 α’ναγκαιων,

345 1604 499 1685 λαμπρώς
517 1603 572 1665 καί
592 1599 652 1667 σόν
670 1606 771 1689 πολλῇ
800 1608 838 1690 τῇ
859 1598 1049 1685 οἷκμοιιότητι
1078 1598 1268 1685 ἐκυρίευσε·
1311 1603 1368 1665 καί
1385 1625 1445 1663 κα-

344 1702 434 1784 τίστη
465 1702 503 1787 τῇ
522 1700 692 1783 ’Ῥωμαίων
718 1703 866 1792 βασιλείᾳ
893 1699 972 1786 πρὸς
996 1694 1135 1783 ἑσπέραν
1161 1701 1194 1764 ἐν
1215 1702 1371 1790 εότιραγίρ
1390 1702 1446 1764 καί

344 1797 464 1889 γαλήνη
485 1800 522 1866 τό
546 1799 728 1885 πράγματα,
750 1806 806 1866 καί
825 1804 895 1867 αἰτί
913 1802 969 1885 τῆς
1003 1804 1077 1884 πρίν
1100 1801 1222 1876 ἐνδείας
1242 1802 1366 1884 δαψιλῆ
1385 1800 1488 1887 τηνιῡ

345 1901 506 1985 α’φθονίοιν
528 1899 583 1966 καί
603 1899 659 1986 την
686 1902 856 1988 εδκληρίαν
877 1901 1025 1984 εόθόμως
1050 1903 1232 1987 α’πειληρεν.

440 2000 517 2093 Ἐπί
530 2004 565 2064 δὲ
584 2006 640 2085 τῆς
661 2000 744 2079 ὲώας
776 2006 1019 2084 διακυκωμένων
1049 2005 1112 2066 τών
1134 2004 1299 2084 Ἀβασγών
1318 2006 1373 2067 καί
1385 2001 1446 2068 οἷν-

344 2101 549 2182 τιδοξοόντων
583 2109 628 2190 τῷ
654 2110 785 2187 βασιλεῖ’
809 2108 864 2169 καί
882 2108 1058 2189 προφανώς
1085 2104 1302 2186 όνταιρόντων
1326 2104 1446 2188 (ἐθόρ-

345 2225 422 2288 ρουν
447 2201 508 2287 γόρ
539 2203 580 2267 οδ
601 2209 650 2294 τῷ
678 2198 793 2289 πλήθει
820 2204 935 2286 μόνον,
963 2205 1044 2268 α’λλό
1076 2208 1130 2268 καί
1159 2211 1224 2278 τοῖς
1251 2207 1314 2269 τών
1341 2197 1449 2270 ὅπλων

344 2303 566 2389 ίσχυροτότοις
591 2305 831 2391 προβλήμασιν,
862 2304 905 2384 ώς
931 2305 976 2391 μὴ
1001 2301 1137 2382 ἐαυτοός
1167 2302 1265 2385 μόνον
1286 2304 1368 2369 ditet
1390 2309 1493 2384 καόρρ

344 2402 420 2482 τοός
462 2408 579 2483 ἵππους
621 2411 917 2490 τεθωρακισμένους
950 2412 1006 2471 καί
1040 2405 1202 2489 ἀτρώτους
1242 2407 1449 2489 πανταχόθεν

343 2505 668 2594 περικαλύπτοντες),
702 2508 798 2572 πόλιν
837 2506 935 2583 αιίτός
970 2507 987 2572 ό
1022 2510 1234 2591 Βοτανειότης
1266 2531 1447 2592 πρωταγω-

342 2605 451 2690 νιστής
473 2613 529 2673 καί
555 2607 722 2695 πρόμαχος
752 2609 938 2695 ἐγνωριζετο
968 2608 1023 2675 καί
1040 2611 1101 2674 τοῦ
1129 2611 1320 2691 κρατοῦντος
1342 2608 1446 2694 διείρ-

341 2920 495 2980 nomeuque
515 2908 594 2964 huius
612 2912 641 2965 in
661 2926 708 2965 ore
727 2912 859 2980 babebat,
880 2921 907 2966 et
924 2913 1020 2967 ridens
1037 2912 1168 2982 diligebat
1184 2912 1255 2964 huno
1278 2919 1308 2964 et
1324 2911 1446 2982 diligens

342 2981 491 3036 honorabat
509 2990 537 3035 et
554 2983 722 3037 ddelisimnm
742 2985 820 3037 simul
854 2994 880 3038 et
909 2986 1099 3038 deditissimum
1124 2992 1151 3035 et
1174 2983 1285 3036 militent
1312 2985 1445 3037 invictum

225 3056 227 3059 ’
341 3053 455 3108 babebat
483 3062 510 3106 et
533 3055 667 3109 iudicabat
697 3064 724 3109 et
750 3057 876 3109 arbitrum
909 3059 1080 3108 maximorum
1108 3055 1229 3107 laborum
1253 3054 1446 3125 bellorumque

342 3126 522 3179 constituebat
540 3136 664 3193 eertum,
693 3130 792 3197 quippe
818 3131 894 3181 cuius
914 3129 1067 3195 praesentia
1092 3128 1216 3195 ingerent
1234 3127 1381 3197 adversarii
1414 3136 1446 3179 et

340 3207 417 3267 terga
436 3199 530 3273 dorent
548 3198 643 3252 illico:
669 3216 751 3269 quare
771 3201 849 3252 etiam
870 3215 929 3255 enm
948 3215 980 3251 eo
1001 3207 1027 3251 et
1044 3207 1120 3265 putre
1139 3199 1172 3249 de
1189 3196 1314 3266 bulgaris
1343 3212 1444 3265 repar.

340 3271 408 3322 tavit
425 3270 583 3323 victoriam:
607 3279 634 3322 el
652 3270 814 3339 bulgariae,
834 3287 902 3340 quoe
923 3269 1113 3339 impugnabilis
1133 3278 1159 3321 et
1177 3283 1274 3336 magna
1293 3276 1320 3322 et
1338 3270 1445 3321 inrieta

340 3340 488 3393 hebebatur
506 3342 613 3393 omniuo
633 3358 722 3410 neque
742 3342 790 3393 ulli
809 3344 867 3411 regi
887 3342 1047 3411 plerumque
1069 3340 1190 3394 subiecta
1209 3347 1266 3391 erat
1284 3349 1311 3391 et
1329 3348 1444 3407 praete.

339 3427 458 3466 resnou
477 3413 642 3466 concedebat
659 3414 791 3481 Byzantio
814 3414 998 3467 remissionem
1018 3420 1045 3464 et
1071 3420 1245 3465 commeatum
1272 3427 1359 3463 rernm
1384 3427 1442 3463 ne-

340 3487 526 3550 cessariarum,
545 3484 685 3551 splendide
706 3491 734 3535 et
750 3484 834 3536 multo
859 3501 917 3537 curo
946 3485 1044 3538 robore
1069 3484 1190 3535 dominas
1223 3491 1263 3535 est
1281 3483 1384 3548 iaetus,
1410 3492 1445 3535 et

341 3558 505 3623 compositae
526 3564 603 3608 erant
619 3557 928 3624 Romanorumimperio
948 3570 1043 3609 versus
1068 3556 1234 3607 occidentem
1252 3555 1279 3605 iu
1307 3552 1444 3606 felicitate

341 3633 368 3676 et
385 3629 580 3695 tranquillitate
599 3644 659 3682 res:
678 3638 757 3698 utque
775 3643 824 3696 pro
844 3630 936 3695 priore
955 3629 1046 3696 inopia
1065 3626 1171 3695 plenam
1197 3625 1383 3678 abundantiam
1412 3634 1445 3676 et

340 3694 470 3749 fortunam
488 3699 558 3752 bono
577 3702 665 3754 animo
692 3706 905 3769 reportaverunt.

438 3784 467 3836 lu
486 3788 590 3839 oriente
609 3798 697 3853 antem
717 3790 845 3841 excitatis.
859 3788 974 3856 Abasgia
995 3797 1022 3839 et
1046 3789 1104 3855 regi
1129 3785 1332 3838 adversantibus
1358 3793 1443 3854 atque

338 3850 412 3903 clare
431 3857 619 3911 resistentibus
639 3860 823 3929 (confidebant
842 3861 911 3911 enim
929 3875 984 3911 non
1004 3858 1090 3912 solum
1107 3857 1280 3921 multitudini,
1300 3858 1443 3909 sedetiam

337 3936 469 3977 armornm
488 3926 643 3981 firmissimis
662 3934 812 3998 praesidiis,
831 3939 923 4000 utpote
941 3946 996 3983 non
1017 3930 1103 3981 solnm
1122 3945 1152 3981 sa
1181 3932 1253 3995 ipsos
1283 3929 1330 3980 sed
1359 3929 1444 3979 etiam

338 4008 421 4066 equos
441 3993 567 4046 loricatos
590 4007 616 4048 et
634 4001 774 4054 vulnerum
794 4010 918 4070 expertes
937 4003 1055 4069 undique
1074 4004 1237 4069 tegentes),
1257 4015 1350 4051 sursus
1378 4000 1445 4065 ipse

339 4068 494 4121 botaniates
513 4069 654 4135 primorum
674 4074 786 4139 partium
805 4075 930 4128 defensor
951 4083 977 4126 et
997 4080 1180 4142 propugnator
1205 4071 1447 4139 conspiciebatur,

339 4147 367 4190 et
383 4139 552 4213 imperatoris
572 4149 707 4207 patronus
747 4158 805 4196 cum
825 4149 893 4198 enim
912 4144 1028 4199 resilio
1047 4154 1168 4212 tompore
1186 4143 1321 4196 exereitus
1338 4142 1450 4195 Roma-
