3182 4986
617 326 826 397 maroam.
891 308 901 317 ’
1220 326 1268 403 89

168 500 236 569 τοῖς
258 494 376 569 κοιλοις
396 494 452 578 τῆς
474 495 532 577 γῆς
550 489 702 579 κινήσιας
725 495 845 579 καὶτῆς
865 496 929 559 τόν
951 495 1076 577 ἀνόμαν
1094 499 1130 563 όν
1150 497 1275 577 τούτοις

169 590 326 676 δινήσεως
346 591 362 658 ό
385 592 495 670 κλόνος
516 594 729 678 προσγίνεται,
753 596 986 680 ἀνατέτραπται
1014 595 1050 660 τό
1076 595 1223 682 ἐννόημα.
1246 601 1278 665 εἰ

168 691 234 779 γόιρ
259 695 294 758 όν
314 691 412 781 μόνης
433 699 489 779 τῆς
509 697 583 778 βιάς
604 695 722 777 αότοόν,
743 691 863 760 όπόταν
886 697 920 761 όν
936 704 1002 773 τοῖς
1024 697 1197 780 καιλιόμασι
1220 702 1276 785 τῆς

169 798 230 879 γῆς
251 801 490 880 περιελιχθείευ
510 798 745 864 καίόιάτινοιαν
763 800 1043 883 συμπεπιλημένην
1062 797 1196 880 λα’βοιτν,
1216 825 1276 866 κα-

142 893 242 972 5θσός
268 885 358 959 οὗτοι
383 897 493 982 φασίν,
519 895 538 981 ἦ
561 897 741 982 συγκίνησις
768 898 929 978 ἐκτελοῖτο,
952 893 1012 963 κόν
1036 899 1170 978 ἀταξίαν
1191 893 1277 984 εἶχεν

172 993 191 1059 ό
210 991 320 1070 κλόνος
341 996 398 1060 καί
418 995 495 1080 ου’χί
520 1002 618 1082 μέχρι
645 996 795 1073 πταόσεας
817 996 1045 1062 ἀκαταπτοότου
1068 995 1126 1081 την
1146 989 1278 1064 ἄπλετον

173 1093 286 1181 ἔληγεν
308 1092 420 1183 όρμήν,
442 1098 495 1163 ἵνα
517 1097 561 1185 μη
585 1097 619 1164 τό
643 1097 707 1161 πᾶν
728 1097 840 1164 αότίιια
864 1101 1039 1188 καταποθῇ.
1083 1101 1141 1164 νῦν
1164 1101 1200 1163 <ti
1220 1095 1276 1163 διό

173 1202 233 1282 τῆς
254 1194 411 1283 τοσαύτης
432 1200 487 1263 καί
506 1199 690 1283 συμμέτρου
711 1196 952 1284 παρακινήσεας
974 1199 1133 1288 δείκνυται
1157 1204 1276 1285 θεοση-

171 1299 252 1380 μίας
272 1294 364 1380 ἔργον
399 1299 415 1362 ό
451 1299 574 1384 κλόνος,
606 1300 652 1375 εἰς
674 1298 851 1383 ἀναστολην
872 1297 927 1363 κατ’
946 1302 1112 1367 παίδευσιν
1133 1301 1194 1367 τῶν
1216 1298 1276 1364 α’ν-

126 1401 348 1483 ιοθροοπίναν
378 1397 503 1482 όρμοόν,
532 1397 586 1463 κατ’
613 1400 671 1484 τῆς
699 1404 791 1475 θείας
812 1399 1009 1479 ἀνεξικακίας
1039 1401 1058 1486 ἦ
1088 1397 1277 1485 ἐπιτίμησις,

172 1500 228 1585 εἶφ’
252 1488 278 1587 ᾦ
298 1496 345 1581 μή
364 1489 466 1586 όρόην
500 1499 678 1565 ἀπολέσθαι
705 1500 739 1565 τό
768 1505 873 1584 γένος,
897 1499 966 1565 ἀλλ’
990 1502 1178 1588 ἐπιπρέψαι
1198 1499 1277 1585 πρός

172 1599 213 1666 τό
236 1602 394 1680 βελτίονα.
435 1598 470 1666 τό
496 1603 525 1664 δ’
546 1602 580 1681 l}
601 1599 765 1676 ἐπιπνοίας
788 1603 956 1681 ἀνεμιαίας
975 1598 1036 1668 εἴτε
1061 1599 1125 1687 μὴν
1148 1597 1276 1668 όόόταν

174 1696 328 1784 κινήσεως
348 1704 494 1783 γίνεσθαι
515 1702 570 1767 τόν
590 1701 722 1785 σεισμόν
746 1701 805 1766 οόκ
824 1693 957 1784 ἄκαιρον
986 1702 1056 1767 οόό’
1085 1698 1165 1767 αότό
1197 1698 1278 1786 πρός

158 1790 317 1886 'evomis
336 1804 603 1890 συγκατασκεοηι.
635 1803 799 1886 όνόόχεται
817 1804 879 1889 γάρ
900 1806 994 1867 τοότο
1007 1806 1063 1869 καί
1083 1802 1184 1870 πόνυ·
1208 1806 1278 1868 ἀλλ’

129 1900 234 1969 senia
257 1900 444 1983 αάτομότας
474 1904 494 1988 ἦ
521 1903 736 1990 όπισκίρτησις
768 1907 872 1990 (τοῦτο
901 1903 962 1989 γάρ
991 1906 1060 1970 ε’στι
1081 1903 1118 1970 τό
1142 1908 1280 1990 ἀνατρε-

175 2001 314 2088 πόμενον
332 2009 409 2091 παρ’
432 2007 549 2096 ἡμῶν),
574 2010 644 2074 ἀλλ’
665 2009 699 2073 ἐκ
720 2010 812 2073 θείου
834 2007 1043 2091 βουλήματος,
1063 2003 1110 2074 ότι
1131 2005 1174 2091 μη
1198 2006 1280 2087 ἀμέ-

175 2130 240 2181 σανς
259 2106 296 2171 τό
322 2110 411 2172 θεῖον
430 2106 471 2172 τό
492 2113 568 2194 περί
586 2107 643 2195 την
662 2109 771 2194 γηίνην
786 2107 885 2194 φόσιν
907 2112 1073 2193 οἰκονομεῖ.
1116 2103 1198 2175 πότον
1216 2107 1277 2194 γόρ

175 2210 232 2272 καί
254 2207 354 2272 όετοό
375 2209 394 2295 ἦ
418 2212 525 2297 νεφιόν
552 2215 744 2297 συμπιλησις
764 2208 827 2291 {uei
850 2211 1033 2296 fleverim?
1056 2209 1178 2276 τούτων
1198 2206 1280 2293 σόγ-

177 2331 310 2391 κρουσις
335 2313 392 2375 καί
411 2313 576 2396 ἀστραπῆς
605 2312 658 2377 ε’πό
698 2312 796 2400 ταότη
821 2315 985 2397 παραίτιοι
1014 2311 1299 2399 ιιαιαφαίνονται·ι

128 2408 259 2482 σοάλλό
280 2408 317 2475 τό
337 2414 400 2477 πᾶν
421 2414 475 2496 τῆς
497 2417 590 2489 θείας
610 2415 736 2496 γνώμης
750 2408 830 2478 κατά
852 2409 927 2487 τοός
948 2411 1163 2495 εάσεβοόυτας
1185 2408 1281 2499 όξηρ-

177 2535 281 2594 τηται.
1160 2572 1163 2579 .

279 2614 327 2678 Ἐν
356 2615 392 2678 tt
415 2623 480 2691 τοῖς
510 2618 743 2692 Μακεδονικοῖς
769 2619 900 2700 μέρεσιν
932 2612 968 2681 αἱ
999 2614 1153 2699 παράλιοι
1174 2615 1280 2692 πόλεις

176 2716 246 2781 κατ’
267 2717 389 2802 ἐκείνην
418 2712 474 2801 την
495 2716 594 2782 υόκτα
613 2718 735 2802 μᾶλλον
761 2720 823 2783 τάν
852 2708 956 2783 ἄλλων
977 2712 1167 2802 πεπόνθασι,
1187 2714 1281 2785 Ῥαι-

254 2873 297 2929 ιο.
317 2875 345 2947 i]
365 2878 414 2932 aar
433 2875 465 2932 ο.
538 2854 547 2865 “

178 3039 263 3079 sensu
281 3038 367 3092 aquas
385 3024 413 3076 in
431 3032 519 3077 terrae
536 3024 668 3092 specubus
687 3033 760 3078 motn
779 3033 807 3077 et
825 3033 966 3079 ventarum
985 3027 1012 3078 in
1031 3025 1073 3077 his
1088 3024 1197 3078 turbina
1216 3042 1280 3078 ern.

179 3097 301 3165 ptionem
321 3096 390 3161 tisri,
410 3111 533 3149 eversum
553 3105 594 3149 est
612 3098 766 3167 cogitatum.
803 3098 905 3150 namsi
924 3095 983 3149 sola
1003 3099 1031 3148 ri
1051 3111 1154 3159 eornm,
1174 3111 1232 3147 cnm
1251 3098 1280 3147 in

178 3167 316 3235 specubus
335 3176 421 3220 terrae
440 3176 629 3236 torquerentur
649 3178 677 3220 et
703 3171 824 3236 spiritum
843 3181 1023 3235 compressum
1043 3172 1178 3234 caperent,
1196 3174 1227 3216 nt
1254 3166 1282 3217 hi

179 3240 289 3301 dicant,
310 3246 397 3290 motus
417 3238 585 3304 efficeretur,
612 3247 685 3291 certe
706 3239 890 3291 confusionem
914 3237 1025 3290 haberet
1045 3236 1165 3303 eruptio,
1192 3251 1282 3303 neque

179 3310 215 3362 ad
234 3325 325 3372 casnm
344 3307 515 3362 infallibilem
535 3313 670 3379 ingentem
691 3311 780 3362 llniret
798 3310 940 3376 impetum,
965 3310 1028 3377 quin
1047 3308 1200 3359 universum
1225 3315 1282 3359 sta.

179 3383 229 3433 tim
248 3380 412 3433 sorberetur.
451 3396 521 3433 nunc
540 3389 628 3434 autem
645 3389 719 3434 tanto
737 3389 764 3433 et
782 3379 889 3449 aequali
909 3388 982 3433 motu
1001 3377 1151 3431 declaratur
1175 3378 1282 3430 divinae

180 3452 391 3521 significationis
411 3453 508 3504 laetum
528 3453 632 3520 eruptio
652 3454 684 3505 ad
709 3453 893 3505 remissionem
918 3459 945 3504 et
975 3451 1157 3504 educationem
1188 3449 1283 3500 huma.

179 3538 277 3577 noram
297 3525 505 3590 propositorum,
520 3531 548 3576 et
565 3524 672 3576 divinae
691 3523 873 3592 indulgentiae
892 3537 988 3589 poena,
1000 3537 1036 3574 na
1056 3522 1172 3574 tunditur
1190 3527 1284 3587 pereat

180 3610 278 3665 genus,
298 3594 347 3646 sed
369 3603 399 3646 ut
416 3595 442 3646 id
461 3596 583 3647 advertat
602 3594 767 3648 melioribus.
806 3593 877 3663 quod
894 3601 981 3645 autem
1002 3595 1123 3660 espiritn
1133 3599 1283 3655 ventorum,

180 3668 243 3718 sire
263 3667 343 3717 etiam
362 3681 488 3734 aquarum
509 3674 582 3719 motu
602 3667 703 3718 oriatur
720 3675 808 3718 terrae
827 3664 983 3727 concussio,
1008 3679 1061 3717 non
1081 3672 1122 3716 est
1147 3664 1283 3730 ineptam,

179 3751 273 3805 neque
293 3738 380 3803 ipsum
400 3736 470 3804 qnod
489 3738 584 3791 attinet
602 3737 750 3790 naturalem
770 3743 934 3804 apparatum.
972 3735 1031 3787 lieri
1052 3736 1122 3786 enirn
1148 3734 1199 3786 lmc
1231 3749 1283 3801 ρο.

180 3816 235 3860 test
255 3808 375 3871 omnino,
395 3808 442 3859 sed
460 3823 514 3859 ποπ
533 3817 634 3860 temere
653 3810 682 3861 lit
701 3811 821 3876 eruptio:
841 3804 893 3858 hoc
912 3805 981 3857 enirn
1002 3806 1069 3859 illud
1089 3815 1150 3870 est,
1178 3807 1249 3875 qued
1268 3822 1284 3857 a

179 3879 261 3930 nobis
280 3878 430 3930 refutatur:
450 3879 497 3930 sed
515 3880 606 3931 divina
625 3880 773 3944 voluntate,
791 3878 843 3929 nisi
862 3877 922 3929 sine
934 3878 1022 3930 medio
1042 3894 1139 3930 numan
1165 3878 1284 3930 divinum

179 3959 317 4002 terrenam
336 3956 457 4001 naturam
477 3951 657 4004 administrat:
677 3953 713 4002 ita
735 3951 805 4002 enim
824 3949 902 4001 etiarn
922 3949 1012 4002 imbris
1033 3959 1060 4002 et
1077 3950 1187 4002 nubium
1207 3964 1283 4000 com.

178 4022 287 4088 pressio
315 4028 344 4072 et
367 4022 481 4073 tonitrus
507 4021 600 4074 horam
619 4020 785 4089 compulsio,
812 4028 840 4071 et
858 4019 972 4088 fulguris
991 4023 1018 4072 in
1041 4021 1091 4073 liae
1110 4038 1139 4073 re
1159 4029 1283 4072 auctores

176 4099 329 4160 apparent:
349 4091 397 4143 ssd
415 4100 498 4144 toturn
517 4095 623 4147 divinae
641 4093 792 4145 sententiae
811 4090 954 4144 secundum
973 4093 1032 4163 pios
1051 4094 1220 4144 coniunctum
1232 4099 1282 4141 est.

285 4162 317 4214 ln
336 4162 518 4216 Macedonicis
537 4172 623 4217 autam
645 4163 764 4232 partibus
783 4164 930 4217 maritimae
949 4163 1029 4216 nrbes
1048 4164 1096 4217 ilia
1114 4170 1194 4214 nocte
1223 4159 1282 4226 plns

178 4234 283 4287 ceteris
305 4248 401 4302 passae
420 4242 490 4303 sunt,
509 4236 661 4291 llaidestum
681 4236 739 4289 dico
759 4243 787 4287 et
804 4236 913 4293 Panium
933 4242 960 4286 et
978 4237 1064 4304 ipsum
1079 4230 1283 4303 Ηγείορλιγιππι,
