3150 4986
313 346 390 423 tea.
594 340 813 417 menime
846 293 1107 460 emenonis

311 533 404 597 τρτυς
424 516 489 585 τοῖς
511 512 574 575 τοῖν
606 505 753 577 ἆποὶντοον
776 518 900 593 ψυχαῖς
922 511 1064 592 ἐγένετο,
1085 508 1141 572 καί
1161 494 1416 587 παχκόσμιοςῆν

312 613 430 694 πόθος,
462 609 518 676 καί
543 616 603 693 μιά
623 616 751 695 χλοίοσα
773 608 808 677 τί
831 614 948 698 στέφος
973 610 1059 698 αὐτῷ
1092 610 1135 696 τῷ
1159 608 1218 696 υἱῷ
1239 610 1296 690 τῆς
1317 608 1416 685 βασι-

313 714 401 787 λειάς
424 713 520 789 α”ξίοος
545 714 580 777 ε’νι
599 717 719 778 πολλοῦ
739 715 794 777 τοῦ
810 712 928 796 χρόνου
942 713 1191 798 ἐπιφημίζουσσ.
1233 710 1290 772 καί
1309 704 1417 787 οἱμὲν

313 815 430 889 εἰδότες
451 812 549 880 αυτόν
578 819 634 881 καί
661 807 766 901 ἄκριας
795 817 999 900 ἐξησκημένοι
1026 808 1082 897 τὴν
1113 804 1216 894 ἄκραν
1237 807 1339 874 αὐτοῦ
1360 808 1418 871 εί-

272 946 274 953 ’
313 920 444 995 τολμιάν
465 938 498 980 τε
530 917 586 980 καί
604 916 740 998 οίνίρίαν
759 919 815 980 καί
837 908 932 989 αὖθις
951 911 1047 978 πάλιν
1079 910 1137 995 τήν
1159 908 1341 995 α’χαθὸτητα
1363 907 1443 974 zeto

314 1019 539 1081 πλουτοποιίοιν
572 1014 628 1081 καί
648 1014 683 1080 τὸ
713 1019 815 1102 πρᾶον
846 1013 900 1080 καί
920 1011 955 1078 τὸ
989 1010 1172 1098 ὃμολρτιιιὸν
1205 1010 1259 1076 καί
1292 1005 1418 1077 desem

314 1112 369 1183 καί
389 1110 515 1200 εὔχαρι,
535 1118 593 1203 ἀφ’
615 1110 737 1182 ἑαυτῶν
762 1110 850 1200 εἶχον
878 1112 933 1200 τὴν
954 1114 1154 1198 μαρτυρίαν,
1177 1112 1345 1197 κεχηνότες
1367 1109 1420 1175 dri

314 1218 370 1281 troi
390 1217 432 1280 δι’
454 1219 554 1300 ειίχῇς
585 1216 766 1297 ποιούμενοι
789 1214 824 1280 tri
849 1219 904 1299 τῆς
936 1216 1102 1297 βασιλείας
1124 1202 1228 1302 τὀίτρ
1250 1214 1419 1297 περίοπτον

314 1317 429 1402 κρίτος
442 1315 595 1383 ἔσεσθαι·
618 1315 647 1382 οἱ
662 1320 698 1382 δὲ
711 1316 756 1402 μή
772 1316 890 1393 εἰδότες
907 1311 928 1398 ἢ
946 1314 1025 1399 πρὸς
1041 1315 1146 1398 σ’λίχον
1161 1317 1372 1400 γινώσκοντες,
1387 1313 1421 1390 i}

315 1419 412 1501 αἰιοῆς
432 1418 640 1501 τυγχάνοντες
663 1418 805 1503 ίρασταί,
827 1418 889 1501 οίχ
909 1408 1002 1500 ἦττον
1026 1418 1151 1481 ἐκείνων
1173 1417 1231 1500 τήν
1252 1416 1333 1499 ὑπὲρ
1357 1411 1466 1478 ari-10

316 1522 374 1585 τοῦ
397 1515 574 1599 ίπιθυμίαν
594 1522 649 1584 καί
668 1521 725 1604 τὴν
741 1517 887 1586 διάθεσιν
906 1516 1051 1605 ἔτρεφον.
1097 1517 1140 1593 οἷς
1162 1518 1190 1581 δ’
1213 1517 1231 1600 ἦ
1256 1514 1346 1601 φήμη
1363 1518 1422 1598 τῆς

318 1620 416 1685 ου’τοῖι
439 1618 643 1705 α’ναρρὴσεως
671 1618 729 1705 τὴν
760 1624 911 1703 βασιλίδα
934 1624 1109 1701 κατέλαβε,
1130 1621 1286 1701 μετέωροι
1305 1619 1421 1690 πάντες

315 1717 461 1803 γεγόνασι
473 1725 529 1785 καί
548 1725 713 1805 χαρμονῆς
735 1720 981 1806 ἐνεπλήσθησαν.
1025 1718 1081 1784 καί
1100 1710 1139 1803 ἦν
1158 1722 1241 1786 ἰδεῖν
1262 1717 1339 1794 τούς
1360 1719 1422 1783 οἶν-

316 1814 467 1902 θροίπους
502 1817 602 1899 πιεροὶ
631 1826 809 1902 περιθεῖναι
836 1816 977 1905 ἑαυτοῖς,
1000 1822 1029 1884 εί
1049 1813 1114 1886 οἷόν
1137 1844 1170 1886 τε
1192 1812 1241 1903 ἦν,
1261 1821 1423 1901 βουλομέ-

317 1940 407 1999 νους,
436 1922 493 1984 καί
512 1918 592 2006 πρὸς
615 1920 713 1987 αὐτὸν
735 1924 932 2004 α’ποπτῆναι,
963 1925 1018 1986 καί
1053 1924 1176 1986 παίδων
1205 1923 1421 1985 ἐπιλαθέσθαι
1433 1925 1469 1979 15

319 2018 375 2085 καί
394 2021 553 2103 γυναικῶν
572 2025 627 2087 καί
647 2023 753 2087 ου’τῶν
772 2023 892 2088 οἰκιῶν.
934 2019 954 2086 t
975 2021 1013 2106 ii
1036 2027 1091 2087 καί
1112 2025 1223 2086 πολλοί
1241 2022 1306 2086 τῶν
1327 2022 1423 2085 αότι-

320 2123 384 2186 κοὸν
406 2123 626 2206 πεποιήκασιν.
683 2118 891 2205 α’λοχῆσαντες
921 2123 983 2207 γὰρ
1011 2126 1067 2188 καί
1094 2123 1198 2209 φόβου
1221 2122 1338 2197 παντὸς
1361 2123 1423 2187 τοῦ

320 2219 388 2288 τότε
410 2225 598 2307 κρατοῦντος
630 2226 675 2300 είς
704 2222 739 2289 τό
763 2221 940 2304 Βυζάντιον
963 2224 1019 2289 καί
1040 2222 1197 2305 τιμωρίας
1225 2226 1266 2287 δι’
1291 2224 1424 2303 αίματος

322 2324 379 2389 καί
398 2323 517 2390 οὕσιαῖν
544 2328 599 2391 καί
618 2323 688 2392 ’τοῖν
708 2328 894 2407 τοῦγένους
928 2325 1089 2411 φιλτάτων
1109 2323 1166 2387 καί
1193 2328 1258 2388 τῶν
1278 2326 1313 2388 ίν
1334 2326 1424 2411 μίσορ

322 2427 377 2506 τῆς
398 2422 478 2488 rideri
498 2422 615 2509 κόπων,
637 2424 694 2491 καί
715 2427 797 2508 μηδὲ
818 2429 881 2490 τῶν
900 2423 1162 2491 ὁδοσκοπουντοον
1175 2423 1231 2488 καί
1250 2426 1304 2508 τῆς
1326 2421 1473 2492 εἶπαί-ω

323 2526 406 2605 &peu
431 2524 625 2609 κρατούντων
651 2528 804 2611 respuor
826 2524 860 2590 τὸ
877 2527 999 2608 πλῆθος
1015 2527 1189 2601 δείσαντες,
1212 2521 1327 2605 συχνοί
1348 2525 1428 2586 καθ’

324 2616 459 2708 ἑκάστην
480 2626 720 2709 α’τιηυτομόλουν
733 2625 812 2709 πρὸς
835 2625 943 2708 ου’τόν,
966 2628 1097 2709 πρᾶγμα
1111 2627 1186 2709 πρίν
1207 2627 1357 2706 γενέσθω
1374 2621 1424 2719 ίμή

325 2721 557 2804 πιστευόμενον.
600 2727 726 2791 eddium
754 2726 816 2809 yoip
837 2726 908 2791 τινά
943 2751 992 2802 τις
1012 2720 1094 2791 sites
1113 2722 1177 2790 οίπὸ
1199 2727 1254 2809 τῆς
1271 2728 1429 2806 βασιλευ-

402 2878 443 2934 14.
463 2883 491 2937 ιλ
506 2896 549 2939 out
568 2883 598 2938 G.
674 2887 716 2940 15.
736 2885 824 2953 αὐτὴν
844 2887 1006 2957 duossimus
1023 2888 1054 2943 6.

326 3023 492 3099 declarabat)
512 3030 612 3099 duplex
638 3048 713 3084 emor
732 3042 759 3087 et
778 3034 855 3088 iuver
880 3037 908 3087 in
940 3037 1055 3088 omniun
1090 3036 1184 3087 animis
1217 3035 1368 3089 oriebature
1399 3044 1430 3091 et

267 3124 270 3130 ·
327 3101 400 3153 unni
425 3102 523 3154 mundo
554 3112 612 3156 erut
631 3105 792 3158 desiderium
819 3117 906 3159 etune
935 3116 991 3159 erat
1007 3123 1061 3159 vox
1080 3122 1205 3160 coronam
1224 3110 1250 3159 ei
1268 3107 1324 3160 filio
1346 3110 1428 3176 regui

327 3170 408 3240 digna
427 3188 461 3225 ex
480 3174 564 3227 multo
583 3183 703 3243 tempore
725 3181 896 3245 portendens,
914 3187 994 3247 utque
1013 3181 1060 3247 qui
1079 3195 1137 3230 euru
1156 3188 1289 3231 noverant
1307 3187 1334 3229 et
1345 3179 1428 3231 vaide

327 3252 479 3310 spectarunt
497 3249 554 3298 eius
576 3263 700 3300 summum
719 3251 856 3302 audacium
874 3258 903 3300 et
929 3250 1110 3312 fortitudinem
1135 3267 1280 3319 rursusque
1306 3252 1428 3302 strenui.

327 3321 408 3367 tatem
427 3324 454 3368 et
470 3316 664 3386 benignitatem
685 3328 713 3371 et
731 3320 900 3374 clementium
920 3330 946 3373 et
965 3323 1116 3374 comitatem
1143 3331 1169 3373 et
1194 3322 1371 3374 urbanitatem
1401 3330 1430 3373 et

327 3387 451 3452 gretiam,
472 3404 506 3440 ex
524 3404 554 3440 se
575 3388 708 3442 habebant
725 3394 920 3456 testimonium,
943 3396 1083 3460 cupienten
1101 3396 1213 3461 semper'
1226 3403 1253 3446 et
1271 3403 1426 3461 preeuntes,

328 3466 358 3509 ut
374 3461 453 3527 regni
473 3458 586 3511 illustris
606 3463 727 3527 potentio
746 3463 807 3513 huie
833 3465 1018 3531 contingeret:
1044 3467 1063 3516 ii
1087 3473 1184 3529 nutem,
1210 3467 1255 3533 qui
1283 3482 1343 3517 eurr
1371 3480 1428 3517 non

328 3538 460 3583 noverunt
477 3538 523 3582 uut
541 3546 634 3597 purum
661 3533 793 3586 audiendo
828 3551 886 3586 enm
913 3545 1107 3604 cognoscentes
1137 3553 1196 3587 eum
1223 3537 1354 3602 amabunt,
1372 3552 1434 3589 uon

329 3600 415 3652 minus
434 3601 491 3654 iliis
513 3602 664 3670 cupidinem
695 3612 722 3656 et
745 3608 946 3672 dispositionem
967 3624 1031 3676 erga
1050 3624 1109 3660 euru
1128 3608 1244 3660 alebant.
1282 3608 1430 3660 cuminum

331 3669 389 3720 eius
406 3674 612 3727 renuntiationis
630 3676 722 3727 urbem
748 3687 923 3744 occupasset,
949 3678 1012 3731 elati
1040 3695 1131 3732 omnes
1159 3681 1266 3732 inerunt
1284 3688 1312 3733 et
1331 3681 1429 3749 gaudie

331 3737 453 3822 impleti,
471 3752 552 3812 atque
571 3754 677 3812 poterut
695 3747 793 3816 uliquis
821 3749 914 3801 videre
939 3751 1060 3804 homines
1089 3751 1145 3803 alas
1169 3752 1221 3803 sibi
1239 3754 1261 3803 si
1282 3752 1342 3803 deri
1363 3766 1431 3821 pos.

331 3813 382 3870 tet,
402 3814 564 3868 circumdare
583 3817 718 3883 volentes,
739 3828 765 3871 et
789 3821 821 3872 ed
842 3836 899 3871 eum
918 3821 1028 3875 avolare
1049 3831 1077 3873 et
1094 3822 1240 3875 liberorum
1258 3823 1384 3875 oblivisci
1404 3832 1433 3875 et

332 3891 442 3931 uxorum
462 3891 490 3933 et
507 3885 623 3952 ipsarum
642 3891 781 3943 domuum:
800 3892 826 3943 id
839 3892 910 3959 quod
930 3896 1009 3944 etiam
1027 3892 1103 3945 multi
1125 3894 1249 3946 exuritis
1270 3894 1368 3948 incolis
1386 3895 1432 3946 ie·

331 3957 434 4033 cerunt.
454 3967 542 4033 neque
561 3960 629 4008 eninr
644 3964 774 4014 rationem
795 3962 923 4015 habentes
942 3965 1027 4016 omnis
1045 3966 1147 4016 timoris
1161 3973 1214 4017 tum
1234 3965 1432 4032 inByuuutimu

332 4022 492 4105 dominantis
513 4032 540 4075 et
559 4028 669 4080 ultiouis
689 4035 819 4101 sanguine
839 4034 970 4099 ethonis,
996 4044 1024 4087 et
1040 4038 1154 4087 maxime
1175 4035 1343 4103 dilectorum,
1362 4051 1434 4106 quse

331 4100 394 4147 suut
412 4109 438 4145 rn
457 4108 569 4163 genere,
590 4106 617 4148 et
635 4098 754 4152 laborum
773 4106 818 4170 qui
846 4106 873 4156 in
898 4106 985 4157 medio
1004 4108 1102 4158 itincre
1121 4116 1196 4160 erent
1222 4108 1363 4171 subeundi,
1379 4123 1435 4160 ue-

332 4180 385 4233 que
405 4167 462 4219 vius
482 4167 687 4220 custodientium
707 4179 734 4222 et
753 4184 844 4240 apertu
871 4176 931 4228 ioeu
951 4180 1098 4231 tenentium
1115 4178 1256 4232 Tuscorum
1280 4179 1436 4232 muiiitndi.

332 4248 394 4289 uem
423 4245 572 4296 metuentes
599 4239 675 4295 multi
703 4244 822 4313 quotidie
847 4249 1061 4319 transfugiebsnt
1090 4249 1123 4304 ud
1141 4266 1217 4317 eum,
1237 4266 1308 4321 quae
1326 4252 1438 4323 quiden
