3168 4988
591 342 797 409 HISTORIA.
1178 341 1253 413 253

150 508 238 593 λακῇ
266 507 322 570 καί
347 508 475 589 δεσμοῖς
511 506 564 571 διά
584 508 618 573 τδ
647 511 703 575 καί
720 509 780 596 πρὸ
812 508 940 594 η’μεροῖν
970 513 1066 576 τινοῖν
1085 509 1254 596 ἁλισθῆναι

152 607 334 692 φυγαδείαν
357 602 505 686 ἑλόμενον
525 610 580 673 dai
600 614 642 698 τῷ
672 609 750 695 πρὸς
777 608 832 675 τὸν
856 608 1091 696 Βοταννειάτην
1112 614 1254 694 ου’τομο-

151 710 250 790 λῆσαι
274 708 311 793 τῇ
334 703 459 794 Λάμπῃ
482 711 729 795 ἐνδιατρίβοντα,
752 707 939 795 ἠναγκάσθη
960 709 1031 776 τότε
1051 706 1068 774 ὅ
1090 713 1253 799 βασιλεύς,

151 809 217 871 τῶν
243 802 439 889 πραγμάτων
468 801 574 893 α’ίσπτρ
607 810 776 896 ῥευμάτων
806 810 987 878 θαλαττίων
1018 812 1253 894 ἐπικεχυμένων

123 905 258 993 5ατῖτῷ,
288 905 409 990 βοηθὸν
440 908 495 973 τδν
527 901 628 996 ἄνδρα
652 910 707 976 καί
730 913 932 997 συλλήπτορα
954 913 1155 996 προσλαβεῖν.
1198 914 1254 996 τῆς

151 1001 212 1073 οὖν
234 1012 382 1094 φρουροῖς
404 1006 501 1075 adria
521 1006 652 1091 έξελτάν,
678 1013 732 1078 καί
752 1020 878 1090 πολλοῖς
905 1011 985 1100 πρὸς
1008 1009 1105 1079 αὐτὸν
1127 1015 1254 1095 &noym-

148 1117 218 1191 μοῖς
240 1107 441 1194 χρησάμενος
461 1111 593 1198 ῥήμασι,
615 1113 671 1179 καί
691 1116 868 1199 οίμνηστίοιν
886 1116 949 1180 τοῖν
968 1117 1129 1200 προτέρων
1152 1137 1251 1179 κατα-

148 1206 323 1288 σκευάσας,
345 1212 400 1273 καί
417 1216 548 1289 πολλοῖς
569 1211 762 1295 άποσχέσεσι
782 1218 837 1279 καί
858 1214 973 1298 διάροις
995 1211 1050 1279 καί
1066 1221 1174 1295 τιμαῖς
1195 1238 1249 1278 κα.

149 1307 338 1389 ταμαλάξας
359 1308 418 1391 τὴν
437 1309 550 1376 τούτου
574 1313 701 1396 ψυχήν,
731 1312 787 1378 καί
804 1312 883 1398 πρὸς
904 1307 1031 1378 εάνοιαν
1050 1316 1252 1395 μεταθέσθαι

104 1433 140 1488 10
148 1412 209 1475 καί
227 1410 334 1476 πίστιν
354 1413 598 1493 παρασκευάσας
615 1413 805 1501 άπάρτιητον,
828 1418 873 1489 τίς
893 1411 952 1497 τήν
972 1413 1053 1480 κατά
1075 1417 1138 1481 robe
1158 1419 1253 1490 deum,-

147 1515 228 1577 τίων
259 1511 509 1594 ἀντιπαράταξιν
540 1517 752 1600 διηυτρέπισε.
805 1515 858 1579 καί
886 1516 948 1579 α’πδ
973 1519 1034 1581 τῶν
1055 1519 1171 1599 τειχιδν
1191 1518 1252 1598 μέν

147 1613 366 1695 διαλεχθῆναι
389 1613 543 1696 πρότερον
575 1625 640 1691 τοῖς
669 1620 801 1683 συνοῦσι
824 1618 982 1701 Φράγγσις
1017 1620 1059 1706 τῷ
1088 1622 1252 1705 Βρυεννίτρ

146 1716 338 1794 πεποίηκεν,
358 1714 401 1786 τάς
424 1714 466 1777 ’δι’
487 1715 543 1777 οὐκ
565 1712 671 1782 ἔπεισε
690 1713 822 1794 τούτους
845 1716 901 1782 καί
920 1718 1126 1803 προεχοάρουν
1149 1720 1195 1793 είς
1211 1716 1249 1782 τά

149 1812 254 1877 δπίσω
278 1809 355 1895 πρὸς
382 1813 421 1877 τά
451 1816 505 1898 τῆς
536 1812 673 1899 ἑσπέρας
693 1815 865 1901 ε’νδὸτερσ,
901 1814 922 1901 ἦ
944 1843 977 1883 τε
998 1818 1090 1904 φήμη
1113 1817 1253 1904 προσήγ-

104 1919 236 2011 ,5γειλε
256 1912 310 1978 τδν
340 1918 398 1978 τοῦ
418 1919 595 1999 Βρυεννίου
627 1917 829 2003 αὐτάδελφον
857 1921 1048 2006 α’φυλάκτως
1074 1917 1163 1994 έντδς
1195 1920 1253 1984 τοῦ

127 2010 290 2096 ,Ἀθάρος
323 2015 533 2098 έπισκηνοῦν,
564 2014 760 2098 συμβούλιον
789 2021 911 2101 γέγονεν
944 2022 1089 2084 ἐπελθεῖν
1110 2019 1200 2108 αὐτῷ
1221 2019 1254 2096 ἒξ

147 2117 270 2199 ε’φδδσυ
281 2162 291 2191 ,
313 2118 562 2201 στρατηγοῦντος
588 2120 644 2182 τοῦ
666 2120 824 2201 προέδρου
843 2117 988 2196 Ἀλεξίου
1018 2118 1079 2185 σάν
1100 2123 1143 2208 τῷ
1160 2114 1255 2184 Ῥου-

148 2220 270 2305 σελίιρ,
301 2213 379 2296 μετά
417 2220 476 2280 τοῖν
506 2214 539 2280 ἐν
568 2221 607 2302 τῇ
635 2221 778 2299 βασιλίδι
807 2220 1015 2302 στρατιωτῶν.
1059 2213 1165 2302 ὅρκοις
1196 2211 1254 2282 οὖν

150 2316 422 2402 φρικωδεστάτσις
433 2315 472 2380 τά
487 2317 580 2382 πιστά
592 2318 738 2392 δεδωκάς
748 2322 790 2403 τῷ
799 2315 956 2399 βασιλεῖδ
974 2320 1153 2394 Ῥουσέλισς
1166 2319 1199 2383 έν
1213 2320 1257 2407 τῷ

104 2418 364 2504 ροπανσεβάστῳ
386 2419 471 2505 σηκῷ
494 2420 555 2482 τάν
571 2420 768 2500 Βλαχερνῶν
790 2418 879 2506 αὐτῷ
899 2419 1124 2499 συνδυάσσντι,
1145 2416 1256 2494 νυκτὸς
1268 2437 1288 2492 ι,
1302 2438 1355 2494 222
1366 2451 1394 2492 v,

152 2522 270 2603 ἐξῆλθε
299 2522 355 2598 τῆς
384 2516 512 2595 πόλεως.
551 2514 692 2584 Ῥωσικά
725 2522 760 2583 δέ
784 2525 897 2599 πλοῖα,
924 2517 983 2602 τὴν
1008 2516 1071 2583 α’πδ
1094 2517 1256 2606 θαλάσσης
1464 2508 1473 2517 ’

152 2621 416 2702 παραγγελθέντα
439 2620 595 2703 ἐπίθεσιν,
608 2622 760 2704 σύνθημα
779 2623 942 2703 παρέσχον
963 2628 1029 2695 τοῖς
1049 2621 1116 2686 κατ’
1130 2612 1259 2704 ἤπειρον

152 2718 386 2804 στρατιώταις,
420 2721 461 2783 ἵν’
490 2716 706 2804 δρθριιάτερον
734 2715 801 2804 άμα
834 2724 877 2808 rqi
897 2721 1020 2807 Ἀθάρσ
1043 2721 1259 2808 προσβάλωσι,

156 3025 307 3077 enimenin
330 3025 358 3075 iu
379 3023 498 3075 custodia
518 3031 544 3076 et
564 3023 700 3089 vinculis,
726 3026 788 3091 quia
814 3026 893 3075 etiam
920 3024 1014 3077 diebus
1041 3024 1179 3076 nonnullis
1198 3032 1260 3077 ante

156 3094 342 3163 deprehensus
363 3103 420 3147 erat
441 3094 529 3163 lugam
551 3094 655 3162 eligens
674 3102 703 3144 ut
721 3096 753 3146 ad
762 3094 926 3146 botoniatem
947 3095 1128 3162 transfugeret
1145 3094 1261 3161 Lampae

154 3174 319 3230 versantem,
340 3175 447 3218 coactus
466 3175 507 3217 est
526 3174 579 3217 tum
593 3182 651 3227 rex,
674 3165 752 3217 rebus
772 3173 895 3233 tanquam
915 3164 1038 3215 ductibus
1054 3166 1133 3216 meris
1151 3165 1260 3216 irruen.

92 3290 97 3297 ,
156 3238 226 3290 tibus
246 3240 274 3289 in
295 3254 364 3300 eum,
383 3238 555 3289 auxiliantem
574 3239 658 3289 virum
685 3243 712 3287 et
730 3238 832 3287 aucium
856 3235 993 3287 adbibere.
1038 3233 1158 3287 custodia
1177 3236 1261 3302 igitur

156 3326 216 3362 eum
237 3310 357 3361 eximens
377 3317 404 3359 et
422 3302 512 3360 multis
528 3324 592 3378 erga
608 3324 667 3359 eum
686 3307 869 3359 allicientibus
887 3322 951 3359 usus
969 3306 1071 3369 verbis,
1092 3313 1119 3361 et
1138 3304 1259 3357 oblivio.

155 3398 216 3433 nem
234 3382 355 3447 priorum
375 3381 516 3431 instituens
536 3389 563 3431 et
580 3379 669 3431 multis
688 3380 824 3446 promissis
857 3386 884 3429 et
901 3378 978 3430 donis
998 3385 1024 3429 et
1043 3376 1189 3428 honoribus
1208 3375 1257 3427 de-

155 3451 277 3503 mulcens
297 3452 377 3502 buius
396 3452 510 3503 animum
536 3452 615 3504 etad
636 3450 855 3502 benevolentiam
881 3459 989 3501 vertere
1009 3455 1035 3498 et
1053 3449 1131 3499 fldem
1149 3448 1258 3499 studens

155 3523 347 3574 immutabilem
366 3524 459 3574 ordine
481 3530 573 3574 coutra
593 3523 683 3575 hostes
708 3524 833 3589 opposito
862 3538 922 3572 eum
943 3520 1077 3582 iustruxit,
1097 3526 1125 3569 et
1143 3534 1158 3568 e
1176 3517 1258 3568 muris
1368 3557 1374 3562 .

156 3593 277 3662 colloqui
299 3601 378 3645 antea
396 3609 455 3645 eum
475 3594 596 3662 Frangie,
618 3595 663 3663 qni
683 3609 741 3645 euru
754 3594 890 3660 Brgennio
910 3600 993 3655 eraut,
1016 3606 1075 3640 eum
1093 3590 1179 3641 iussit.
1200 3602 1259 3640 oum

156 3673 246 3717 autem
264 3679 318 3715 uon
339 3666 513 3732 persuaderet
530 3664 571 3716 bis
593 3674 620 3716 et
644 3665 871 3733 progrederentur
900 3664 932 3715 ad
951 3663 1093 3715 interiores
1113 3660 1259 3713 occidentis

155 3746 248 3803 partes
269 3746 296 3787 et
315 3736 384 3788 lama
408 3739 560 3800 nuntiaret,
586 3737 715 3802 Bryennii
738 3736 845 3787 fratrem
865 3733 1016 3785 inconsulto
1044 3733 1113 3783 iutra
1130 3730 1260 3797 Atbyrenn

157 3811 271 3870 versari,
292 3807 434 3858 consilinm
452 3808 548 3859 iactum
564 3816 604 3859 est
619 3807 792 3874 aggrediendi
807 3822 867 3857 enm
885 3806 995 3870 impetn,
1015 3805 1161 3872 imperante
1177 3818 1259 3871 prae-

158 3880 217 3930 side
236 3879 335 3931 Alexio
357 3886 384 3929 et
403 3877 515 3929 Ruselio
542 3894 600 3928 cnm
619 3877 763 3940 militibus,
784 3878 829 3943 qui
855 3877 883 3927 in
902 3876 968 3928 urbe
990 3883 1073 3927 eraut.
1111 3875 1260 3927 iuribusiu·

156 3950 247 4001 randis
267 3965 332 4017 ergo
354 3950 520 4017 gravissimis
539 3950 615 4000 fidem
641 3957 779 4017 postquam
804 3947 877 4001 dedit
893 3948 952 4015 regi
971 3945 1096 3999 Ruselius
1115 3943 1259 4011 intemplo

154 4020 367 4073 Blachernarum
390 4021 504 4072 maxime
534 4018 681 4072 venerabili
708 4034 766 4070 rum
795 4033 827 4071 eo
854 4033 1000 4087 congresso
1028 4028 1109 4071 noctu
1136 4028 1260 4086 egressus
1348 4059 1353 4063 .

156 4098 200 4143 ost
217 4091 298 4142 urbe:
317 4091 422 4153 Rosiae,
435 4101 522 4144 autem
541 4093 651 4158 navigia
669 4090 827 4141 maritimum
845 4093 971 4157 impetum
988 4091 1138 4141 nuntiantia
1155 4089 1260 4155 signum

153 4163 338 4231 praebuerunt
350 4164 482 4215 militibus
501 4165 527 4215 iu
548 4163 697 4214 continenti
717 4164 878 4227 constitutis,
897 4171 926 4214 ut
943 4176 1022 4214 ruane
1041 4158 1118 4212 simul
1131 4158 1260 4223 Athyrem

152 4234 379 4303 aggrederentur,
400 4243 480 4303 atque
499 4233 670 4288 includentes
684 4235 865 4288 adversarium
879 4248 939 4286 cusu
951 4231 1072 4284 erunibus
1089 4230 1145 4284 suis
1165 4228 1260 4295 etde·
1351 4226 1356 4233 '
