3150 4986
560 405 770 482 maronii.
1137 413 1211 488 209

105 572 169 636 τοῦ
189 573 360 654 λογοθίτου
381 569 485 657 ἀρχής
513 571 568 639 καί
590 574 778 641 ἰδιωτεῦσαι
800 579 855 640 καί
887 572 996 643 οἴκαδε
1017 583 1213 665 καταστῆναι

106 672 154 746 σάς
181 666 342 754 ἀπρακτον
364 669 464 761 πάντη
486 674 542 740 καί
561 677 660 741 πάσιν
683 674 871 763 ἀπόβλητον,
893 680 945 743 ἵνα
964 683 1020 745 καί
1041 685 1137 746 τοῦτο
1150 682 1212 769 άρ-

103 776 186 838 κοῦν
206 770 399 857 ἡγησάμενοι
420 772 501 857 πρὸς
519 777 677 859 τιμωρίαν
701 775 803 842 αάτοῦ
822 774 853 842 οἱ
874 782 1020 859 πολέμιοι
1041 786 1094 865 τῆς
1114 807 1211 869 στρα.

104 874 274 948 τοπεάιίος
296 871 512 958 ἀπόσχωνται.
555 874 627 942 ἐπεί
647 877 682 940 ἀὲ
704 877 773 941 οάδ’
799 880 844 958 είς
863 882 956 947 τοῦτο
984 881 1169 948 κατανεύων
1193 884 1212 948 ἀ
1306 900 1311 909 ’

76 973 259 1059 οβασιλτάς
277 974 456 1060 ἀτάγχανευ,
479 977 547 1041 σάδ’
564 972 635 1054 ἔνάς
655 976 773 1062 ἀνδριάς
795 980 954 1067 ἀπραξίας
972 983 1131 1068 σωτηρίαν
1152 988 1212 1051 τοά

103 1076 221 1160 γάνους
249 1072 365 1150 παντὸς
386 1078 448 1141 τάν
474 1077 643 1160 Ῥωμαίων
672 1080 932 1161 ἀνταλλάξασθαι
964 1085 1128 1169 πρόθυμος
1160 1077 1209 1169 ήν,

100 1182 227 1262 βοηθεῖ
243 1172 365 1254 τοάτοις
383 1169 509 1243 άνωθευ
532 1179 551 1263 ἦ
570 1182 644 1246 θεία
667 1179 835 1267 ἀντίληψις
857 1191 927 1260 ταῖς
948 1185 1088 1251 ἀκλινίοι
1110 1209 1210 1272 πρεσ-

100 1282 211 1360 βείαις
231 1279 284 1362 τής
309 1276 532 1363 παναχράντου
564 1280 731 1367 δεσποίνης
761 1280 851 1366 ήμῶν
881 1285 1041 1350 θεοτάκου.
1081 1285 1126 1350 οἱ
1145 1284 1206 1374 γάρ

101 1378 337 1456 ἀποσταλέντες
360 1383 510 1464 πρέσβεις
531 1378 616 1466 παρά
636 1381 926 1463 τοῖνΠατζινάιιων
945 1387 1207 1473 ἀναπεμφθέντες

60 1477 201 1547 ιθπάλιν
220 1480 267 1555 εἰς
292 1476 410 1558 αάτοάς
437 1477 696 1567 ἀπωπτεάθησοιν
725 1479 759 1549 ἔκ
779 1507 864 1561 τινος
893 1485 1074 1570 άπροάπιου
1102 1487 1207 1564 αἰτίας

102 1581 147 1657 άς
168 1581 275 1670 λάθρα
296 1583 564 1665 διαχειρίσασθαι
573 1584 741 1663 μέλλοντες
759 1582 816 1648 τάν
830 1585 1122 1670 πρωτοσάμβουλον
1144 1590 1207 1653 αυ’-
1284 1590 1289 1599 ’

99 1686 168 1749 τῶν
191 1681 247 1746 καί
271 1680 490 1765 συστράτηγον
520 1685 690 1765 Νέστορα·
745 1688 801 1749 καί
831 1689 986 1772 φοβηθείς
1016 1689 1133 1765 ἐκεῖνος
1151 1686 1206 1755 τάν

100 1782 167 1849 άπὸ
189 1786 333 1867 μηχανῆς
353 1783 508 1864 κίνδυνον,
530 1785 652 1865 τειχίοις
676 1781 798 1852 ἐκεῖθεν
820 1790 1000 1872 ἀναστήσας
1021 1788 1078 1873 τήν
1102 1814 1205 1873 στρα-

99 1881 176 1949 τιάν
197 1881 431 1967 ἀπισθόρμητος
462 1874 589 1966 ήλοιυνε.
642 1889 698 1951 καί
716 1887 853 1953 διελθών
880 1886 936 1972 τήν
969 1891 1203 1979 Μακεδονικήν,

55 2000 90 2056 15
99 1987 157 2051 καί
179 1992 243 2059 τοῖς
265 1974 371 2058 ἄλλοις
394 1984 612 2063 Πατζινάνσις
633 1989 813 2070 συμμίξας,
835 1986 869 2052 ολ
888 1985 945 2071 τήν
965 1989 1077 2073 χάραν
1099 1994 1204 2057 πάσαν

101 2090 295 2170 κατέτρεχον
327 2083 383 2148 καί
402 2088 636 2169 κατεληίζοντο,
668 2080 768 2163 οάτως
781 2089 834 2165 ἐἰς
856 2084 894 2153 τά
912 2092 988 2171 περί
1008 2082 1203 2176 τόνἼστρον

96 2192 208 2274 χωρία
227 2183 281 2250 καί
306 2182 363 2260 τάς
394 2181 542 2261 άπαάλεις
564 2185 738 2273 ἀνέδραμε,
760 2186 878 2273 πολλήν
902 2189 1092 2272 ἐπαγόμενος
1112 2194 1202 2257 λείαν

96 2286 282 2369 ἀνθρώπων
302 2309 335 2350 τε
356 2288 411 2351 καί
433 2288 554 2370 κτηνάν
576 2286 631 2352 καί
650 2289 706 2371 τής
731 2282 828 2373 άλλης
850 2282 1037 2373 ἀποσκευῆς.
1080 2292 1200 2355 ἐκείνου

95 2393 133 2456 dd
158 2392 280 2471 ταχέως
310 2385 574 2471 ἀναχωρήσαντος
606 2386 775 2473 ἀνακωχήν
804 2388 844 2455 τά
874 2387 1043 2474 πράγματα
1072 2386 1199 2475 ἔλαβον,

46 2492 156 2562 tonat*
186 2492 248 2555 τάν
275 2484 506 2573 γεωργημάτων
538 2491 593 2556 καί
623 2493 685 2556 τάν
707 2482 811 2556 ἀλλων
839 2489 1073 2576 χορτασμάτων
1096 2492 1199 2572 άάεοῖς

93 2596 229 2661 ἐποίουν
248 2589 277 2655 οὶ
299 2587 379 2672 πρὸς
400 2590 503 2655 ταῦτα
515 2593 698 2674 τεταγμένοι
716 2589 775 2676 τήν
787 2588 921 2670 εἴσοδον,
944 2578 1000 2658 καί
1019 2590 1076 2677 τήν
1092 2596 1199 2662 ἀπαλ-

92 2690 201 2780 λαγήν
222 2688 251 2756 σῖ
273 2696 413 2756 πλεῖστοι
437 2694 628 2775 θαυμασίως
650 2686 818 2777 ἑώρταζον,
841 2697 886 2782 τῷ
905 2698 971 2782 θεῷ
992 2692 1047 2760 καί
1064 2697 1103 2784 τῇ
1123 2696 1198 2762 τοά.

90 2821 151 2867 του
174 2796 401 2883 πανυπερτίμηι
421 2796 521 2879 μητρί
540 2790 580 2858 τά
603 2793 799 2881 χαριστήρια
824 2800 978 2880 νέμοντες.

93 3120 224 3194 quamdin
242 3115 395 3171 solveretur
413 3112 570 3183 logothetae
589 3113 712 3182 imperio,
742 3122 768 3166 et
786 3113 920 3168 hominem
945 3116 1076 3184 privatum
1101 3128 1195 3187 ageret

94 3204 124 3248 et
142 3192 215 3246 domi
232 3205 263 3243 se
281 3196 398 3253 teneret,
416 3196 539 3256 tanquam
556 3183 624 3237 nihil
652 3200 735 3254 agens
763 3186 871 3238 omnino
897 3195 924 3238 et
948 3187 1068 3240 omnibus
1095 3190 1194 3257 negle.

93 3276 166 3329 stus,
184 3272 214 3315 ut
225 3260 272 3314 vel
291 3260 343 3312 hoe
361 3258 487 3313 sufficere
505 3258 556 3310 rati
576 3257 608 3309 ad
620 3256 749 3308 altionem
769 3258 827 3308 elas
839 3256 932 3310 hostes
951 3259 1122 3325 expeditione
1141 3260 1192 3312 ab.

92 3340 236 3390 stiaerent.
275 3348 333 3384 cum
352 3339 440 3382 autem
458 3347 493 3383 ne
512 3330 564 3382 hec
583 3328 687 3398 quidem
706 3336 838 3380 annueret
854 3345 902 3381 rex
927 3344 1016 3396 neque
1043 3331 1121 3382 unius
1139 3330 1193 3383 he.

91 3409 175 3461 minis
195 3405 296 3458 desidia
319 3401 432 3455 salutern
450 3404 532 3454 totius
550 3401 639 3471 gentis
658 3400 819 3452 Graecorum
837 3408 940 3452 mutare
959 3399 1063 3465 vellet,
1090 3402 1191 3454 auxilio

94 3480 173 3534 venit
190 3477 231 3529 his
250 3489 367 3542 superne
385 3474 504 3526 divinam
522 3473 683 3540 praesidium
701 3472 783 3525 iirmis
806 3474 907 3526 nuntiis
932 3473 1045 3524 maxime
1069 3472 1192 3542 integrae

91 3551 220 3604 dominae
237 3554 356 3609 nestrae,
375 3545 419 3596 dei
439 3545 538 3597 matris.
575 3544 659 3613 legati
685 3546 774 3607 enim,
793 3546 839 3612 qui
867 3559 883 3595 a
906 3542 1055 3596 Patsiuaeis
1080 3543 1194 3613 allegati

94 3629 183 3684 eraut,
200 3618 307 3672 remissi
326 3632 418 3669 rursus
436 3618 469 3669 ad
487 3630 545 3682 eos,
564 3617 682 3684 suspecti
702 3622 777 3668 erant
802 3630 882 3669 eausa
909 3615 1019 3683 quadam
1047 3616 1193 3682 improvisa

92 3694 172 3764 qnasi
191 3690 259 3743 elam
280 3688 379 3742 wilere
398 3687 502 3740 vellent
520 3688 667 3756 principem
687 3686 795 3739 consilii
814 3687 856 3738 sui
875 3693 903 3737 et
919 3686 1033 3753 imperii
1060 3685 1194 3757 collegam

90 3768 254 3821 Nestorem:
275 3769 303 3812 et
323 3759 381 3825 ille,
401 3761 446 3827 qui
464 3767 598 3811 metueret
615 3760 770 3812 insidiosum
791 3756 951 3825 perieulum,
976 3756 1104 3811 celeriter
1130 3760 1194 3813 inde

145 3837 233 3889 lectus
251 3832 398 3885 exercitum
416 3839 488 3883 retro
507 3831 596 3883 duxits
612 3837 639 3881 et
656 3844 816 3898 percurrens
834 3827 1014 3881 macedoniam
1043 3837 1070 3880 et
1094 3832 1193 3884 ceteris
1304 3848 1312 3865 ‘

111 3906 245 3960 atainacis
263 3919 294 3956 se
313 3904 491 3972 coniungens,
510 3903 555 3970 qui
574 3916 676 3954 omnem
696 3907 791 3951 terram
810 3899 1001 3966 percursabant
1028 3908 1055 3952 et
1078 3903 1193 3971 diripie.

89 3979 176 4043 mss,
196 3977 236 4030 sie
255 3978 283 4028 in
301 3974 362 4027 latri
387 3974 447 4026 loca
475 3982 503 4025 et
530 3973 770 4040 praediaxrnraum
801 3969 946 4040 migrabat,
974 3971 1082 4025 multam
1106 3989 1192 4043 aperus

91 4051 218 4119 praedam
237 4047 373 4099 hominum
393 4054 421 4098 et
439 4046 567 4112 pecudum
593 4052 672 4111 atque
699 4040 750 4095 reli
770 4041 797 4092 ui
824 4051 975 4110 apparatus.
1026 4043 1076 4097 illo
1103 4054 1190 4098 autem

90 4122 221 4175 celeriter
239 4118 370 4171 redeunte
392 4117 512 4169 induciae
531 4116 671 4182 imperium
688 4058 821 4165 inhelat:
842 4122 869 4166 et
888 4114 991 4183 frugum
1011 4122 1091 4186 atqua
1113 4123 1191 4167 cete.

90 4209 181 4246 rernm
201 4191 388 4244 alimentorum
406 4196 464 4240 tute
484 4186 628 4250 iaciebant,
648 4186 693 4253 qui
711 4186 744 4237 ad
763 4183 830 4237 haec
848 4187 963 4239 instituti
990 4196 1083 4250 erant,
1109 4189 1190 4237 inve-

88 4266 227 4317 ctionem:
249 4269 276 4313 et
294 4259 479 4312 liberationem
498 4258 606 4326 plurimi
625 4258 692 4310 mire
711 4255 893 4323 celebrabant,
912 4257 963 4309 deo
983 4265 1011 4309 et
1029 4257 1107 4309 huius
1137 4254 1190 4309 he.

83 4334 276 4389 lentissimae
295 4331 372 4383 matri
390 4338 480 4401 grates
498 4328 655 4384 tribuentes.

162 4429 249 4485 liet.
268 4426 353 4483 attat
373 4427 444 4483 utus.
967 4425 1001 4480 14
