3168 4988
330 333 406 421 254
633 335 851 408 MIOEAHJS
880 329 1142 419 inustionis

330 510 386 577 καί
412 514 672 587 κατακλείσαντες
701 507 791 591 ἔνδον
818 506 872 574 τόν
901 508 1115 587 τίντικειμενον
1134 498 1213 583 μετό
1235 498 1301 564 suiv
1321 492 1441 559 συκίνη

331 638 394 679 των
430 613 518 698 αιίτιῆν
548 611 674 677 πάντων
708 604 996 692 καταγωνισάμενοι
1027 608 1189 687 τρέψωοι,
1218 596 1273 664 καί
1294 589 1358 660 όπό
1379 590 1437 675 τῆν

330 715 422 799 σφῶν
443 713 549 778 adroic
579 720 672 798 χεῖρα
696 711 880 794 ζωγροόσαν
902 702 924 790 ῆ
947 703 1149 792 φονεόουσαν
1176 696 1317 771 ἅπαντας
1335 696 1380 771 οός
1403 695 1437 759 ἐν

331 813 445 901 δικτόφ
468 810 636 897 ποιήσωσι.
685 813 741 875 καί
763 801 802 893 ἦν
820 808 840 892 ἦ
858 811 975 892 μελέτη
999 800 1147 888 σταθηρό
1172 805 1226 866 καί
1245 797 1437 907 στρατηγιαῆ

329 918 385 979 καί
405 916 461 979 τοῦ
484 908 839 999 θηρόμστος,σόνοχος,
861 911 906 986 εἰς
925 909 1013 982 τέλος
1038 909 1074 973 δὲ
1094 904 1138 988 μῆ
1161 904 1379 986 περισωθεῑσα
1401 896 1460 959 το5

329 1017 385 1099 τῆς
406 1014 492 1101 νίκης
514 1015 681 1100 διέφθειρε
702 1008 871 1096 τρόφιμον.
894 1008 1088 1093 συνήρχοντο
1109 1008 1168 1087 μὲν
1195 1001 1255 1087 γόρ
1274 998 1309 1064 ἒν
1331 996 1437 1082 reduci

329 1115 364 1182 τό
386 1139 421 1189 τε
438 1113 567 1195 πεζικόν
601 1111 657 1179 καὶ
683 1109 830 1179 ναυτικόν
855 1112 1061 1196 στράτευμα,
1085 1103 1295 1189 προελθόντες
1316 1101 1354 1164 δὲ
1374 1094 1437 1180 πρὸ

328 1216 386 1281 τοῦ
406 1205 518 1290 όστεος
540 1211 569 1277 οἳ
586 1216 643 1298 τῆς
665 1214 795 1295 πεζικῆς
816 1209 930 1293 μοίρας
945 1211 1149 1291 στρατιῶται,
1172 1201 1228 1269 καί
1248 1203 1438 1281 οἷποπλανη-

330 1319 437 1390 θέντες
470 1311 591 1379 ἐκεῖθεν
626 1310 681 1378 ἐπί
710 1314 890 1398 κατασκοπῇ
925 1307 980 1373 καί
1010 1304 1188 1388 καταλήψει
1216 1306 1313 1388 δῆθεν
1343 1300 1441 1365 τιντόν

332 1411 532 1481 Μακεδόνων
553 1416 770 1496 αίλιζομίνων
795 1414 830 1477 ίν
860 1407 1056 1496 πορρωτάτω
1091 1406 1201 1491 ἀγροῖς
1231 1407 1357 1470 ἐκείνων
1377 1402 1479 1482 pisid

332 1515 391 1579 οτίκ
411 1513 615 1597 εόστόχησαν
632 1513 688 1578 καί
708 1514 870 1595 α’πίτυχον
890 1512 945 1593 τῆς
961 1507 1143 1591 ἐπιβουλῆς,
1165 1515 1230 1581 τοῖς
1252 1507 1288 1569 δὲ
1302 1495 1441 1585 Βαρόγ-

331 1638 397 1699 γοις
419 1616 458 1685 ον’
487 1612 707 1693 ουνεδόασαν,
744 1606 798 1677 ὅτε
828 1614 869 1700 τῷ
893 1612 1017 1694 Ἀθόρα
1045 1610 1256 1693 προσέβαλον.
1300 1598 1439 1684 όμωςδ

295 1740 298 1747 ’
332 1706 389 1780 οὖν
411 1710 522 1793 οἱμὲν
544 1711 708 1798 Βόροιγγοι
729 1711 788 1788 τὰς
810 1712 911 1787 πόλος
942 1713 1043 1775 αὐτοῦ
1064 1708 1254 1790 βιασόμενοι
1277 1704 1367 1780 ἐντός
1390 1705 1441 1769 εί-

330 1811 536 1896 σαπῆδησαν,
559 1816 616 1875 καί
636 1812 809 1887 πανόπλοις
833 1813 1004 1897 ἐπιφοραῖς
1027 1804 1074 1873 ἔτι
1094 1809 1218 1890 πρωίας
1239 1797 1337 1889 οόσης
1361 1802 1441 1879 τοός

332 1916 390 1979 τοῦ
413 1909 590 1996 Βρυιννίοο
613 1917 875 1996 κατηγωνίσαντο.
917 1908 1045 1983 ἱππότας
1075 1911 1111 1973 dd
1134 1901 1220 1983 ὄντες
1242 1909 1354 1972 ἐκεῖνοι
1374 1904 1481 1969 adsto
1556 1959 1557 1976 ,

336 2012 441 2077 ἵππων
464 2008 632 2093 όπιβόντες
656 2014 702 2089 είς
733 2008 839 2099 φυγῆν
873 2010 1083 2095 ίξωρμῆκασι.
1132 2011 1177 2094 μῆ
1198 2001 1297 2074 όντων
1319 2007 1354 2069 δὲ
1376 2004 1441 2070 τεόν

333 2115 367 2179 ἐν
388 2111 508 2201 ῆπείρφ
532 2115 733 2197 στρατιωτῶν
761 2110 825 2178 κατ’
844 2105 921 2195 όψιν
948 2110 1053 2176 αὐτῶν
1082 2112 1137 2174 καί
1156 2108 1351 2191 όπόντησιν,
1371 2107 1440 2169 διί·
1469 2188 1473 2195 ι

334 2236 437 2301 φυγον
458 2212 515 2297 τῆν
536 2215 772 2297 πανωλεθρίον.
829 2208 962 2296 ὕστερον
982 2212 1010 2274 d’
1035 2213 1201 2296 ἐπιφανείς
1223 2207 1239 2272 ό
1259 2204 1441 2279 Ῥουτίλιος

334 2313 395 2381 σόν
415 2318 458 2405 τῷ
481 2317 626 2403 πρυίδριρ
646 2315 773 2403 Ἀλεξίφ
794 2314 928 2391 ἐδίωξαν
946 2315 1005 2393 μὲν
1022 2313 1167 2396 κατόπιν,
1189 2306 1380 2392 βουλόμενα
1403 2305 1440 2370 δὲ

335 2413 389 2481 τόν
412 2415 551 2500 διωγμὸν
572 2417 725 2480 ἐπιτεῖναι
748 2412 804 2479 καί
821 2412 958 2489 πολλοός
990 2417 1112 2500 σφῆλαι
1134 2413 1198 2476 ταῖν
1215 2409 1363 2475 ἐναντίων
1384 2412 1483 2470 ssi-oo

334 2516 599 2599 τασεσεισμένους
629 2519 672 2604 τῷ
694 2516 785 2605 φόβῳ
812 2515 868 2582 καί
891 2516 1067 2602 φεύγοντας
1096 2512 1331 2597 α’μεταστρεπτί
1350 2501 1441 2593 παρό

334 2618 396 2682 τοῖν
418 2617 509 2683 ἰδίων
531 2619 590 2681 οιίκ
611 2615 881 2702 είοηκοόσθησαν,
903 2613 1056 2680 δεδιότων
1076 2612 1112 2679 τό
1133 2613 1343 2694 α’ποτίλεσμα.
1364 2607 1444 2675 ἔπε-

334 2737 392 2781 σον
415 2717 451 2782 δέ
465 2739 546 2792 τινες
568 2714 756 2792 Μακεδόνες
779 2718 813 2783 όν
837 2720 881 2805 τῷ
904 2714 1029 2804 κόστρῳ
1050 2714 1137 2801 παρὰ
1158 2718 1219 2781 τῶν
1234 2713 1327 2796 ‘Prie
1350 2703 1443 2778 όλλοι

405 2872 432 2926 3.
453 2874 658 2946 ζωσγονοῦσαν
676 2875 705 2928 G.

557 2966 575 3007 Ι

336 3020 469 3074 bellantes
494 3028 633 3074 verterent
658 3029 685 3074 et
709 3023 737 3074 in
767 3037 841 3075 suani
865 3039 970 3077 manuni
996 3028 1199 3075 conservantem
1231 3028 1277 3073 aut
1298 3029 1442 3075 demutent

336 3108 428 3146 omnes
456 3100 579 3162 tanquam
604 3094 633 3145 in
660 3100 718 3145 rete
745 3095 915 3163 redigerent:
939 3103 1019 3164 atque
1046 3102 1102 3146 erat
1128 3091 1269 3145 eonsilium
1293 3094 1396 3146 firmum
1415 3101 1443 3145 et

335 3166 535 3232 imperatorium
562 3173 589 3216 et
608 3166 761 3218 uenationis
780 3174 878 3231 tenax,
904 3175 1040 3233 postremo
1068 3173 1155 3217 autem
1179 3178 1233 3216 non
1253 3173 1442 3217 conservatum

335 3238 468 3290 victoriae
486 3236 600 3304 perdidit
618 3237 788 3290 alimentum:
807 3238 1004 3290 conveniebant
1017 3238 1087 3288 enim
1106 3238 1133 3288 in
1147 3235 1260 3288 eundern
1277 3236 1364 3288 locuni
1384 3243 1442 3287 turn

335 3309 438 3374 pedites
459 3315 485 3359 et
503 3307 609 3359 navalis
629 3310 779 3360 exereitus:
806 3310 943 3377 progressi
964 3316 1052 3360 ααιοπι
1080 3316 1142 3359 ante
1160 3305 1252 3359 urbem
1273 3306 1373 3359 milites
1394 3307 1442 3374 qui

336 3394 370 3430 ex
388 3386 462 3445 parte
482 3380 598 3447 peditum
619 3387 704 3442 erant,
726 3388 754 3431 et
774 3390 904 3449 uagantes
923 3380 986 3432 inde
1004 3379 1037 3430 ad
1057 3377 1248 3446 speculandum
1270 3386 1297 3430 et
1318 3393 1442 3446 occupa.

335 3451 435 3501 tionem
453 3448 643 3502 nonnullorum
662 3450 847 3514 Macedonum,
872 3453 918 3519 qui
938 3451 1020 3518 longe
1039 3451 1067 3500 in
1088 3450 1159 3518 agris
1178 3448 1364 3513 versabantur,
1385 3449 1442 3501 illis

335 3521 440 3587 quidem
461 3537 515 3574 non
533 3528 595 3573 sunt
614 3523 692 3588 potiti
713 3529 740 3572 et
757 3521 914 3595 aberrarunt
931 3538 947 3574 a
965 3523 1103 3588 proposito
1125 3536 1184 3572 ouru
1202 3520 1332 3588 Barangis
1351 3528 1441 3573 autem

335 3605 390 3641 nou
409 3600 606 3658 convenerunt,
622 3592 865 3661 quandoAthyreru
884 3594 1006 3662 aggressi
1025 3601 1095 3644 sunt.
1131 3600 1219 3643 ιαιοοο
1237 3591 1353 3660 Burungi
1373 3606 1441 3659 por.

335 3668 376 3711 tas
387 3663 630 3731 eiuseiiringcntes
648 3665 720 3715 intus
740 3665 903 3728 insilierunt,
923 3672 950 3715 et
1000 3665 1044 3715 avi
1063 3671 1212 3715 armaturae
1229 3665 1331 3730 inipetu
1344 3664 1442 3715 etiann-

336 3736 390 3781 tum
410 3733 623 3799 maaeBryennii
637 3734 737 3787 milites
749 3734 932 3787 debellarunt:
952 3680 1104 3796 iffisutem,
1119 3735 1233 3802 equites,
1244 3748 1329 3802 σφισι
1343 3750 1441 3787 moen-

338 3799 431 3851 dentes
446 3802 474 3852 in
490 3802 579 3870 iugum
606 3821 635 3859 se
658 3808 846 3872 proieceruntz
866 3822 924 3858 curu
938 3813 1026 3857 auteur
1041 3821 1096 3857 non
1115 3812 1206 3857 essent
1222 3806 1333 3868 milites,
1350 3807 1396 3875 qui
1414 3807 1442 3856 in

338 3870 488 3922 continenti
501 3881 576 3925 erant
589 3877 615 3928 in
624 3886 770 3943 conspectu
783 3894 874 3930 eorum
884 3892 972 3946 neque
986 3877 1019 3928 iis
1029 3875 1198 3940 obvenirent,
1207 3876 1442 3944 effugeruntsum·

336 3955 405 3993 ruam
421 3939 538 3994 cladem:
554 3954 649 4009 postea
659 3956 747 4000 autern
757 3950 904 4002 adveniens
918 3948 1043 4000 Ruselius
1055 3958 1114 3998 cuns
1132 3947 1255 4013 praecide
1267 3947 1365 4000 Alexio
1377 3963 1441 4015 per-

336 4013 422 4067 secuti
448 4019 509 4063 sunt
535 4027 581 4064 eos
604 4031 621 4066 a
646 4024 740 4086 terget
766 4022 892 4073 sedeam
918 4018 1023 4073 vellent
1046 4017 1261 4085 persecutionem
1281 4019 1442 4085 protendere

338 4093 364 4136 et
382 4084 480 4137 multos
495 4090 666 4152 prosternere
685 4087 854 4143 adversarios
869 4105 1015 4143 concussos
1031 4097 1103 4141 metu
1123 4096 1151 4140 et
1165 4090 1301 4158 fugientes
1316 4092 1442 4143 irretorto

338 4156 429 4222 oculo,
448 4173 463 4210 a
482 4156 537 4209 suis
556 4169 611 4207 non
631 4157 748 4207 exauditi
767 4166 835 4223 sunt,
845 4161 1025 4215 metuentibus
1051 4162 1159 4213 exitura.
1181 4161 1339 4214 ceciderunt
1355 4169 1443 4214 auten

336 4228 462 4283 nonnuli
479 4228 638 4284 liaeodoncs
657 4229 685 4281 in
705 4229 819 4284 castello
840 4234 1015 4299 callesius,
1042 4232 1090 4286 alii
1108 4232 1167 4286 vivi
1185 4232 1256 4301 capti
1274 4241 1347 4300 sunt,
1364 4230 1443 4287 sini-
