3150 4986
508 284 511 289 1
559 118 767 250 melodia
1145 186 1216 260 tut
1300 170 1305 175 ’

108 345 236 425 γαθίας
257 342 337 411 κατά
359 346 423 411 τῶν
443 341 626 410 ἀντιπάλων
647 348 841 431 προτέρημα.
885 345 1027 434 πλήθους
1046 352 1108 436 γάρ
1131 353 1220 437 δμο-

109 444 222 531 δήτοο
252 445 450 531 Βοολγάρων
481 442 789 528 ἐπιστρατεύσαντος
812 452 853 533 τῇ
873 449 1128 520 Θεσσαλονικέων
1156 482 1219 540 μη-
1418 497 1423 527 ι

109 544 277 631 τροπόλει,
299 546 339 610 ού
359 549 540 632 κατεπλάγη
563 544 645 628 πρός
667 547 725 626 τάς
745 549 901 627 τοσαύτας
929 547 1081 634 δννάμεις
1103 555 1219 637 αύτῶν,

111 652 173 712 καί
203 648 267 712 τῶν
293 650 407 729 τειχῶν
438 645 524 722 ἐντός
548 643 662 713 ἔαυτόν
694 654 928 733 περιέστειλεν,
955 653 1022 717 ἄλλ’
1045 647 1097 720 aid
1120 682 1222 742 φασιν

83 750 220 818 delusit
241 745 341 812 αύτδν
362 745 416 812 τόν
432 746 658 828 Ἀλέξανδρον,
692 747 735 825 ῶς
755 741 801 825 εἷς
826 749 978 836 μάγειρος
996 756 1119 819 πολλῶν
1137 778 1220 840 προ-

110 850 225 932 βάτοιν
253 852 369 930 α’γέλας
397 846 436 911 ού
466 849 603 928 δέδοικε,
636 852 740 914 τούτο
768 851 1013 937 διανοησόμενος
1043 857 1098 920 καί
1122 855 1221 920 είπῶν

112 952 236 1034 έξῆλθη
259 950 327 1029 μετ’
349 949 461 1032 δλίγων
478 949 541 1012 τῶν
560 948 812 1032 παρατυχόντων
835 951 920 1040 αύτῷ
939 956 1251 1038 σοοτρατεύεσθααέ.
1268 962 1355 1019 21‘lv.

112 1048 202 1133 ἔχων
222 1050 283 1133 γὰρ
305 1047 364 1133 τὴν
381 1046 530 1132 τοιαύτην
550 1049 720 1132 ἡγεμονίαν
734 1051 891 1142 πατρῴαν,
912 1054 968 1119 καί
989 1058 1034 1143 τῷ
1055 1056 1139 1145 ζήλῳ
1159 1079 1221 1138 με-

112 1154 250 1233 νονοοχί
285 1150 560 1235 όκπτιρακτωθείς,
592 1147 653 1219 ,καί
681 1147 750 1231 άμα
777 1156 893 1233 μένους
926 1158 981 1218 καί
1017 1157 1220 1241 φρονήματος

68 1251 266 1335 ιοεύγενούς
298 1248 550 1333 όκαταμαχὴτοα
574 1255 692 1337 πνέων,
725 1252 781 1318 καί
802 1259 953 1320 τοσοῦτον
985 1258 1079 1320 νικῶν
1100 1259 1144 1344 τῷ
1165 1261 1221 1343 τῆς
1256 1238 1277 1344 '⁸

114 1351 231 1434 ἰσχύος
251 1352 404 1434 διάρμοτι
426 1343 498 1416 ὅσον
521 1347 551 1415 oi
572 1352 777 1433 ἀντικείμενοι
793 1358 837 1443 τῷ
854 1356 974 1439 ’πλήθει
993 1355 1048 1420 καί
1064 1366 1134 1432 ταῖς
1155 1383 1222 1424 πα-

115 1452 263 1528 νοπλίαις
292 1452 423 1517 ἐδόκουν
455 1447 673 1536 ῶβρύνεσθαι,
704 1455 783 1538 πρός
805 1453 919 1540 ’μάχην
950 1458 985 1521 ἐκ
1017 1460 1076 1523 τού
1108 1452 1222 1536 εύθέος

3 1596 4 1599 ¹
115 1552 230 1628 τιδτοϊς
258 1550 540 1637 α’ντιπαρετάξατο,
564 1550 620 1616 καί
637 1553 719 1634 μετά
742 1558 860 1640 πολλῆς
880 1559 936 1640 τῆς
966 1557 1068 1645 ῥύμης
1090 1560 1145 1624 καί
1164 1561 1223 1625 τού

115 1648 279 1738 δκροτούς
301 1649 435 1739 ῥυτῆρος
453 1657 498 1728 εἰς
519 1655 636 1734 μέσους
655 1654 730 1731 τούς
758 1661 928 1739 πολεμίους
946 1660 1112 1742 γενόμενος
1134 1655 1222 1724 ῶπαν

72 1755 154 1822 mro*
176 1756 287 1819 πεδιόν
313 1751 413 1819 ἐκεῖνο
435 1752 590 1836 σωμάτων
610 1760 730 1839 νεκρῶν
760 1764 1026 1844 κατεσφαγμένον
1047 1757 1223 1844 ἐπλήρωσε,
1317 1836 1320 1841 ,

114 1856 255 1940 μηδενὸς
283 1856 469 1940 δυνηθέντος
500 1855 662 1923 α’δάνατον
690 1856 810 1941 πληγην
832 1862 866 1922 δκ
886 1863 947 1946 [τῆς
975 1860 1091 1926 τούτου
1111 1860 1223 1945 χειρός

114 1956 366 2040 α’πενέγκασδαι.
408 1954 587 2040 ἐπηρχοντο
616 1961 676 2039 μέν
703 1954 764 2042 γάρ
785 1958 874 2044 αύτῷ
895 1960 976 2025 κατά
1003 1966 1170 2047 φάλαγγας
1192 1960 1223 2027 οδ

114 2060 265 2137 πολέμιοι
287 2056 518 2138 πανταχόθεν,
538 2062 583 2147 τῷ
603 2058 729 2141 σάματι
750 2060 860 2124 τούτου
887 2057 942 2135 τάς
966 2058 1070 2142 α’κμδς
1089 2065 1153 2126 τῶν
1174 2068 1223 2141 ξι-

115 2158 190 2243 φῶν
211 2156 439 2240 ἐπερείδοντες,
462 2159 612 2238 ούδαμῶς
627 2162 663 2223 δέ
682 2163 736 2244 τῆς
758 2155 886 2243 ἱππικῆς
903 2157 1000 2243 ἐδρας
1020 2158 1120 2225 αύτδν
1140 2163 1222 2224 α’πο.

69 2257 322 2341 ςρκρούσασθαι
342 2255 471 2341 ἴσχυον·
515 2259 597 2323 α’λλόι
620 2259 773 2350 φασγάνῳ
793 2257 832 2325 τό
856 2256 975 2343 δόρατα
999 2255 1117 2325 τούτων
1139 2260 1222 2324 eine-

114 2360 246 2438 τέμνων
273 2354 331 2421 καί
349 2353 406 2433 τάς
425 2358 600 2445 σαρίσαας,
633 2356 715 2425 ούτω
735 2358 811 2436 τούς
833 2355 1053 2444 πολεμητορας
1074 2356 1138 2423 ύπδ
1163 2362 1222 2445 γῆν

115 2458 358 2541 κατηκόντιζεν,
384 2449 423 2522 οδ
445 2461 504 2540 μέν
533 2463 675 2546 κεφαλην
707 2462 741 2524 ἐν
762 2462 823 2548 μιᾷ
852 2460 954 2547 πληγῇ
983 2456 1043 2525 σύν
1070 2462 1108 2547 τῇ
1136 2458 1224 2545 χειρί

115 2557 312 2641 διατόμνων,
332 2550 427 2623 «ittae
449 2560 486 2622 δέ
508 2558 658 2626 δεικνύων
679 2557 853 2645 ἡμίτομον,
872 2556 929 2624 τόν
954 2556 1065 2623 δὲκαὶ
1085 2580 1224 2644 καρατο-

115 2653 201 2741 μῶν,
222 2656 277 2723 καί
296 2663 424 2745 μοριόις
446 2655 544 2725 εἴδεσι
566 2664 692 2746 πληγῶν
717 2660 944 2749 καταστρέφων
965 2662 1020 2727 καί
1041 2657 1223 2745 καταπλήτ-

117 2952 230 3006 loetum
269 2965 328 3003 eum
355 2951 425 3003 enim
448 2952 590 3007 multitudo
610 2954 705 3023 ingens
723 2956 900 3025 bulgarorum
928 2958 1120 3025 aggrederetur
1138 2955 1224 3008 'lbos-

117 3022 333 3077 sslonieensium
359 3023 539 3090 metropolin,
564 3039 618 3076 non
636 3025 752 3077 aldietus
775 3034 816 3078 est
836 3026 933 3078 talibus
954 3041 1045 3078 eorum
1064 3025 1176 3088 risibus,
1196 3034 1225 3076 et

117 3098 193 3148 intra
211 3109 300 3147 muros
321 3109 350 3146 se
370 3097 515 3147 constituit.
552 3096 599 3148 sed
613 3095 702 3164 qualia
721 3097 796 3147 aiunt
817 3096 916 3148 dixisse
935 3098 1021 3162 ipsum
1033 3095 1224 3160 Alexandrum,

118 3180 204 3218 unum
222 3166 345 3216 nimirum
364 3165 464 3218 lanium
490 3167 629 3219 multorum
656 3168 747 3218 ovium
765 3182 864 3235 greges
887 3181 941 3218 non
960 3169 1070 3229 timere,
1090 3164 1157 3215 haee
1176 3181 1224 3216 re.

119 3246 219 3306 patens
239 3245 267 3288 et
284 3239 459 3303 pronuntians
479 3254 603 3307 egressus
623 3247 664 3290 est
682 3254 741 3290 oum
762 3239 855 3306 paucis
876 3239 920 3306 qui
941 3237 1010 3289 lorto
1030 3236 1135 3287 lortunu
1154 3236 1224 3301 upud

64 3346 66 3349 -
120 3325 183 3362 eum
204 3316 289 3360 erant.
310 3307 410 3359 hebens
428 3311 497 3361 enim
516 3310 727 3378 taleimperium
746 3319 885 3379 paternum
905 3318 931 3362 et
944 3308 1032 3362 studio
1051 3321 1136 3374 paene
1155 3319 1224 3357 con.

120 3388 257 3433 crematos
281 3379 413 3447 simulque
434 3382 569 3433 audaciam
591 3389 618 3433 et
635 3384 749 3434 animum
769 3381 887 3435 nobilem
906 3382 1089 3448 invictumque
1118 3378 1224 3444 spirens

120 3462 150 3505 et
169 3459 270 3503 tanturn
288 3452 412 3518 superior
429 3453 534 3504 roboris
552 3455 689 3505 erectione
708 3462 833 3524 quantum
852 3452 997 3506 adversarii
1010 3449 1179 3502 multitudine
1198 3455 1225 3499 et

120 3529 257 3576 armature
276 3522 434 3574 videbuntur
452 3524 602 3591 superbire,
623 3526 657 3576 ad
676 3540 789 3595 pugnem
808 3525 893 3592 polum
914 3525 947 3575 iis
973 3538 1002 3575 se
1024 3520 1166 3588 opposuit,
1195 3527 1223 3571 et

120 3602 264 3664 postquem
282 3593 365 3644 multo
384 3610 444 3645 eum
464 3598 562 3662 impetu
583 3605 610 3648 at
628 3594 800 3649 immoderato
818 3597 894 3649 lreno
914 3596 941 3644 in
953 3594 1054 3646 medios
1074 3591 1165 3644 hostes
1183 3592 1224 3642 ir.

120 3666 207 3732 rupit,
225 3674 312 3737 totum
330 3681 450 3733 campum
468 3666 544 3717 illum
566 3669 739 3720 cadaueribus
759 3670 907 3719 occisorum
926 3665 1057 3733 implevit,
1078 3678 1223 3716 eumnemo

121 3736 233 3791 valeret
251 3738 387 3805 ingentem
414 3738 495 3789 ictum
515 3756 548 3790 en
576 3738 653 3790 huius
672 3754 750 3790 manu
773 3741 852 3789 lerre.
897 3737 1078 3789 obveniebent
1103 3737 1173 3787 enim
1199 3734 1224 3785 ei

121 3808 271 3862 secundumn
291 3807 438 3877 pbalunges
458 3809 548 3861 hostes
566 3811 683 3877 undique
703 3824 798 3875 eorpus
818 3807 896 3859 buius
915 3809 974 3860 uoie
999 3808 1149 3876 gladiorum
1172 3821 1226 3872 ρο.-

122 3887 224 3942 tentes,
243 3894 411 3947 nequequam
429 3888 516 3931 autem
542 3896 574 3931 ex
600 3882 661 3947 equi
686 3881 750 3931 sede
776 3894 835 3930 eum
864 3878 986 3948 affligere
1011 3879 1154 3931 valebuntr
1178 3878 1225 3928 sed

123 3967 193 4003 ense
220 3951 328 4001 lanceas
353 3951 446 4002 horum
471 3952 628 4018 praecidens
655 3959 681 4003 et
707 3953 830 4016 serieres,
853 3952 889 4001 ita
912 3950 1047 4003 bellantes
1072 3952 1099 4001 in
1126 3957 1223 4000 terrum

122 4023 283 4091 prostrauit,
302 4020 371 4074 elius
391 4032 470 4091 eaput
488 4038 541 4074 uno
561 4025 615 4074 ictu
635 4038 693 4073 cum
721 4038 799 4075 manu
826 4023 1083 4087 dissecans„atiam
1111 4018 1223 4073 reddens

123 4094 309 4167 renidentem,
328 4093 410 4145 ulium
431 4096 510 4147 etiam
530 4095 699 4161 detruncans,
720 4102 747 4148 et
766 4094 1003 4149 innumerabilibus
1021 4097 1120 4153 ictuum
1137 4093 1225 4158 gene&
