3150 4986
569 277 775 350 HISTORIA.
1152 293 1227 365 233

125 433 317 519 μαρτορικῷ
343 434 585 518 περιρρεόμενος
612 439 731 533 λίθριρ.
782 447 974 531 ἐθαύμασαν
996 453 1094 521 crisis
1126 453 1228 543 o‘nsp·

127 535 221 617 φαιός
241 536 297 599 καί
317 533 585 622 δπερηγοὶσθησαν
603 541 639 607 τό
653 567 687 608 τε
705 549 853 629 πολέμιον
876 555 932 616 καί
950 558 1014 620 πᾶν
1031 555 1066 621 τὸ
1086 552 1229 640 Ῥωμαϊ-
1337 578 1341 597 ·

125 631 194 712 τεόν,
215 633 270 698 καί
290 635 386 719 δήμοι
407 632 522 713 ποίντες
541 640 721 724 ἀνθρώπων
739 646 819 729 πρὸς
839 655 934 716 τοῦτο
948 654 1226 744 ἐξεθαμβήθησαν.

126 732 164 797 τὸ
189 736 224 798 δὲ
244 734 333 815 γένος
366 742 430 802 eois
453 739 624 806 Θετταλῶν
649 738 791 829 ἓοίρταοε
821 754 880 832 μὲν
913 752 992 839 ὑπὲρ
1015 753 1153 834 ἅπαντας
1173 762 1257 851 ring
1275 796 1365 853 217„

97 837 184 919 δτής
204 831 324 913 πόλεως
355 838 530 923 λύτρωσιν,
552 838 650 908 ἔθυσε
672 847 707 912 δὲ
739 851 804 936 θεῷ
825 854 879 917 καί
900 855 945 941 τῷ
965 857 1227 942 μεγαλομίρτορι

125 939 303 1024 Δημητρίῳ
322 934 360 1001 εδ
382 942 520 1024 σῶστρα,
542 941 641 1007 ἔθυσε
675 946 709 1010 δὲ
729 951 784 1013 καί
803 950 889 1041 edepl
921 955 965 1040 τῷ
987 954 1101 1020 τούτου
1123 953 1227 1039 θορό-

123 1056 215 1099 ποντε
238 1035 378 1119 Μιχαήλ
405 1042 447 1126 τῷ
469 1038 666 1131 Βοτανειάιη
696 1044 755 1131 τήν
779 1053 813 1128 ἐξ
843 1051 980 1116 ἰσοθέων
1003 1053 1134 1136 α’γωνων
1155 1058 1227 1119 ε’πι-

123 1137 226 1200 νίκιον
246 1137 410 1221 ειίφημίαν
431 1138 487 1203 καί
506 1134 658 1208 εὔκλειαν.
702 1145 805 1231 ἐζήτει
826 1152 861 1216 δὲ
883 1150 939 1216 τόν
953 1151 1094 1239 α’θλητήν
1117 1156 1136 1239 ή
1160 1181 1227 1222 σω·

123 1238 223 1300 θεῖσα
247 1235 337 1311 πόλις
360 1238 403 1302 δι’
429 1241 539 1320 adsoni,
563 1245 618 1307 καί
640 1244 695 1310 διὰ
718 1251 859 1334 σποοδής
878 1251 1014 1317 ἐποιεῖτο
1039 1252 1094 1336 τήν
1113 1251 1225 1321 τούτου

78 1330 266 1418 λθείίρεσιν.
299 1336 375 1402 ιιιαί
399 1341 536 1425 ζητοῦσα
569 1342 629 1409 οὐν
657 1349 820 1439 ίπιμελείρ
851 1354 907 1415 ιιοί
933 1352 1098 1444 διαδρόμιρ
1122 1360 1227 1446 πολλῷ

123 1427 221 1521 εὗρεν
241 1433 341 1502 αίτδν
371 1442 514 1521 κείμενον
544 1446 764 1538 ἐνωπλισμδνφ
795 1449 850 1515 καί
868 1452 1002 1543 α’νδρείφ
1032 1458 1224 1542 φρονήματι,

122 1535 180 1601 καί
198 1534 232 1602 εδ
256 1542 348 1623 ξίφος
367 1547 432 1616 τοῖς
454 1544 621 1625 δακτύλοις
640 1546 862 1634 περιεχόμενον
878 1552 933 1618 καί
949 1557 1108 1640 μηδαμῶς
1129 1557 1226 1644 elped-

121 1660 236 1723 μενον,
269 1636 328 1713 ἕως
348 1638 428 1721 μεεοὶ
455 1648 570 1729 πολλής
598 1651 770 1730 θεραπείας
802 1652 856 1717 καί
885 1658 1027 1739 τεχνικῆς
1054 1653 1225 1743 ἐπιστήμης

122 1736 231 1824 ἀφῆκε
254 1742 314 1819 μὲν
333 1738 369 1805 τὸ
391 1743 482 1826 ξίφος
504 1742 523 1828 ή
545 1746 626 1832 χείρ,
659 1753 722 1815 τοῖν
742 1746 868 1836 σ’νύχων
888 1756 926 1842 τή
948 1756 1079 1845 παλίμη
1101 1779 1226 1843 προση-

75 1844 111 1900 1⁵
121 1842 292 1905 λωθίντων
327 1840 429 1905 adseri
460 1847 504 1932 τῷ
534 1843 672 1927 ἐμμανεῖ
686 1854 742 1933 τῆς
768 1851 849 1917 κατὰ
876 1858 939 1918 τοῖν
961 1860 1117 1938 πολεμίων
1138 1854 1225 1922 ἐπεί.

121 1944 211 2020 ξεως,
230 1937 328 2016 αιίτὸς
346 1943 383 2005 δὲ
404 1943 694 2030 δορυφορούμενος,
718 1954 773 2014 καί
790 1944 955 2037 μεγίσταις
972 1954 1148 2041 εὐφημίαις
1170 1958 1226 2023 καί

120 2041 249 2126 κρότοις
288 2045 345 2107 καί
371 2042 563 2130 δορυφόρων
595 2050 790 2133 ἀλαλαγμοῖς
818 2055 873 2118 καί
902 2055 1065 2137 ἐγκωμίων
1095 2062 1242 2133 πλοκαῖςΙ
1287 2074 1292 2087 ’

120 2138 400 2229 καταστεφδμενος
435 2141 478 2221 ὥς
511 2148 661 2231 α’ριστεδς
694 2150 933 2235 α’ποροίμιλλος,
969 2156 1014 2229 εἷς
1044 2154 1099 2241 τήν
1133 2155 1225 2222 πόλιν

120 2239 353 2327 ίθριοὶμβεοσε,
374 2246 432 2310 τοῦ
453 2245 553 2331 κάρον
575 2240 635 2335 ήδη
658 2250 839 2335 ἀνενεγκών,
863 2257 919 2318 καί
938 2257 1045 2320 πᾶσαν
1066 2252 1124 2337 τήν
1141 2254 1221 2321 Ῥω·

70 2339 229 2425 copuler
257 2347 364 2429 χοροῖς
389 2345 445 2411 καί
474 2350 634 2433 θομηδίας
658 2350 869 2437 πεπλήρωκεν.
920 2353 937 2419 o‘
961 2357 995 2420 δὲ
1015 2354 1053 2419 τοὶ
1076 2357 1223 2440 σκῆπτρα

119 2448 177 2526 εής
202 2445 304 2528 α’ρχής
338 2450 606 2531 ἐγκεχειρισμένος
632 2445 738 2535 τιν’ριος
759 2455 948 2540 Βασίλειος,
970 2456 1141 2541 α’ναφδρων
1161 2458 1221 2539 μὲν

120 2541 179 2607 καί
198 2542 278 2628 πρὸς
296 2543 330 2609 ed
354 2546 541 2629 ταδ’γίνοας
566 2549 667 2614 adsoni
688 2554 841 2639 ἐπίσημον
862 2555 916 2620 καί
936 2557 1120 2641 περίδοξον,
1141 2556 1222 2621 α’να-
1304 2598 1312 2613 2

122 2644 233 2730 φέρων
255 2646 291 2710 δὲ
310 2644 366 2711 καί
384 2645 464 2731 πρὸς
497 2648 555 2727 τάς
577 2654 724 2741 πατρῴας
753 2653 993 2741 ἀνδραγαθίας,
1011 2658 1066 2723 καί
1085 2653 1144 2744 τήν
1164 2661 1222 2723 τοῦ

119 2985 212 3038 mirati
230 2993 292 3038 sont
311 3000 370 3038 enm
389 2988 470 3042 valde
491 2998 518 3042 et
536 2991 657 3045 admirati
676 2995 802 3047 virtutem
822 3003 877 3049 tum
895 2996 1021 3050 bellicam
1038 3003 1093 3050 tum
1112 2999 1139 3051 in
1156 3001 1221 3053 uni.

119 3073 230 3109 versum
243 3057 402 3112 Romanam:
422 3069 449 3113 et
461 3076 552 3114 omnes
566 3064 659 3131 populi
672 3063 806 3117 bominum
817 3068 850 3119 ad
864 3067 915 3119 boe
929 3067 1137 3134 obstupuerunt:
1152 3086 1219 3138 gens

119 3135 212 3181 autem
221 3128 407 3182 Thessalorum
426 3132 575 3186 celebravit
593 3149 657 3199 prae
672 3137 793 3188 omnibus
807 3137 880 3189 urbis
896 3137 1082 3190 liberationem
1099 3139 1218 3207 fecitque

120 3200 174 3252 deo
195 3207 221 3250 et
239 3216 335 3269 magno
359 3205 468 3270 martyri
489 3205 625 3259 Demetrio
644 3221 720 3257 sacra
736 3206 845 3270 salutis5
860 3207 978 3277 lecitque
997 3209 1075 3259 etiam
1093 3209 1145 3277 ipsi
1165 3209 1217 3261 bu.

119 3274 163 3322 ius
186 3271 421 3326 lamulollichaeli
439 3274 595 3329 Botaniatae
614 3277 753 3330 victricem
775 3294 808 3329 ex
827 3277 945 3330 heroicis
965 3279 1152 3332 certaminibus
1171 3296 1216 3333 sa.

119 3342 281 3395 lutationem
301 3352 328 3395 et
346 3343 468 3413 glorium.
505 3348 685 3419 investigabat
705 3356 792 3401 autem
813 3357 988 3418 pugnatorem
1006 3359 1113 3403 servata
1129 3350 1162 3402 ab
1182 3365 1215 3403 eo

119 3412 186 3466 urbs
207 3421 234 3464 et
261 3416 349 3467 studio
370 3417 526 3470 instituebat
544 3421 601 3472 eius
621 3422 822 3473 inventionemr
853 3429 931 3491 atque
960 3422 1125 3491 investigans
1156 3438 1215 3474 eum

119 3499 188 3537 enra
207 3491 234 3535 et
250 3490 451 3553 percursatione
477 3490 560 3543 multa
588 3492 693 3545 invenit
720 3508 780 3545 enm
810 3495 941 3545 iacentem
965 3500 1065 3545 armato
1092 3501 1120 3545 et
1143 3492 1218 3544 virili

118 3557 220 3620 animo,
241 3565 268 3609 et
286 3558 384 3610 terrum
404 3560 495 3627 digitis
515 3570 649 3615 tenentem
667 3578 756 3633 neque
775 3564 832 3616 ullo
852 3565 930 3617 modo
949 3565 1145 3629 remittentem,
1166 3564 1218 3616 do·

117 3642 172 3679 nec
192 3626 274 3680 multa
302 3631 440 3697 curatione
460 3640 488 3684 et
507 3633 651 3687 artificiosa
670 3638 826 3705 cognitione
844 3635 956 3704 reliquit
974 3636 1073 3688 lerrum
1104 3651 1216 3700 manus,

116 3697 255 3768 unguibus
273 3703 361 3753 manui
376 3703 509 3755 adstrictis
532 3707 590 3758 eins
609 3706 700 3758 lurore
713 3708 907 3774 persecutionis
927 3707 1052 3759 hostium.
1090 3708 1148 3775 ipse
1167 3723 1218 3759 an·

116 3778 174 3822 λεια
195 3771 320 3823 comitutu
343 3773 486 3826 satellitum
506 3785 533 3827 et
554 3779 674 3830 maximis
694 3777 889 3831 laudationibus
923 3786 950 3828 et
979 3776 1217 3832 exclamationibus

116 3850 145 3893 st
165 3842 313 3894 satellitum
333 3843 493 3899 elamoribus
513 3855 541 3898 et
561 3848 666 3900 landum
685 3851 765 3901 sertis
784 3857 927 3901 coronatus
947 3858 976 3902 nt
1000 3849 1080 3902 beros
1105 3852 1217 3919 insupe-

56 3936 61 3941 ·
115 3911 213 3966 rabilis
231 3912 323 3966 urbem
344 3915 403 3968 Cari
423 3918 586 3986 triumphans
605 3921 715 3972 intravit
733 3922 784 3972 iam
799 3920 917 3972 relectus
937 3928 964 3972 et
986 3935 1089 3973 omnem
1118 3922 1217 3975 lloma-

113 3999 213 4036 norum
232 3991 327 4037 terram
348 3988 446 4054 gaudio
474 3997 500 4040 ct
528 3989 663 4043 bilaritate
688 3991 819 4059 implevit,
864 3998 970 4058 sceptro
999 4001 1086 4045 antem
1111 3994 1216 4060 imperii

112 4056 254 4123 praeditus
273 4057 394 4110 dominus
412 4059 538 4125 liasilius,
558 4063 706 4130 respiciens
726 4070 753 4114 et
772 4064 879 4131 generis
893 4064 952 4115 eins
961 4064 1132 4132 splendorem
1151 4062 1214 4131 glo-

109 4129 249 4196 riamque,
268 4137 295 4180 et
312 4138 435 4198 paternas
454 4133 600 4200 victorias,
628 4142 708 4202 atque
733 4136 882 4202 praesentis
911 4134 974 4188 laeti
999 4137 1141 4189 admiratus
1169 4134 1213 4184 in.

109 4197 323 4268 comparabilem
339 4204 546 4273 magnitudinem
564 4205 647 4260 illiam
665 4218 725 4259 sarm
743 4207 913 4261 renuntiabat
932 4215 958 4261 et
975 4207 1118 4261 membrum
1129 4219 1214 4270 snum,
