3168 4988
492 365 700 436 arsronm
1071 377 1142 455 tot

35 517 181 608 μιγιίλην
214 524 273 589 ούκ
302 525 471 647 η’μβλύνδη
498 530 555 592 καί
580 531 831 618 βασιλικωτάτην
858 538 1053 624 προαί,ρεσιν
1075 542 1145 607 ἀλλ’

36 621 200 707 ύρθύνοις
222 625 319 706 χερσί
339 625 394 688 καί
415 624 709 712 μεγαλοδώροις’
665 656 787 713 παντως
802 633 883 715 ὑπὲρ
905 639 1010 701 πᾶσαν
1031 639 1143 709 ἐλπίδα

36 725 184 807 ἰσχυρῶς
212 724 453 810 κατεπλούτισε,
482 732 537 792 καί
552 734 735 854 φιλοτίμοις
764 728 927 811 δεξιώσεσι
956 737 1012 802 καί
1032 738 1145 824 ῥύμαις

33 825 306 907 μυριοταλοίντσις
327 825 461 908 στρατὸν
484 826 563 893 κατύ
579 834 638 894 τού
656 834 875 913 ἀντικειμένου
889 840 1065 919 Βρυεννίσυ
1089 847 1146 908 ιιοιι

14 928 98 988 brais
125 917 235 989 ἄλλων
255 922 430 1045 Ιτυροίννιρν
452 933 606 1010 μέγιστον
635 933 836 1050 παρεκίνησε,
866 936 920 999 ιιαί
941 936 1034 1002 ου’δὲν
1056 941 1145 1028 αύτῷ

35 1018 159 1145 ύπρρον
192 1020 214 1108 ἢ
242 1028 345 1101 ἐνδεὲς
373 1026 407 1092 τὸ
429 1028 581 1113 παράπαν
610 1030 822 1117 συνήντησεν·
852 1037 920 1113 οἱς
942 1063 1024 1103 εινιιι
1048 1044 1144 1161 δηλον

34 1149 85 1187 νισι
123 1126 235 1210 ύληθῆ
265 1123 319 1191 τόν
348 1127 485 1193 παλαιὸν
511 1153 563 1194 και
601 1130 817 1199 συνετώτατον
829 1110 961 1221 λόγον,
992 1132 1040 1204 ὅτι
1064 1165 1141 1206 σπου

34 1229 225 1308 προαίρεσις
247 1224 372 1312 ἀγαθή,
397 1226 432 1292 τὸ
449 1233 571 1295 κωλῦον
593 1225 697 1311 ον’δέν,
718 1233 860 1312 μάλιστα
876 1240 912 1302 δὲ
935 1243 1126 1319 βασιλεῖ
1083 1267 1144 1306 τιον

34 1319 144 1391 ἄλλων
170 1325 359 1413 ζύπερφίρον
385 1327 419 1393 τύ
443 1330 602 1396 πλούσιον.
662 1336 717 1398 καί
747 1330 853 1415 οὐδείς
887 1325 953 1403 εἷδδ
974 1342 1051 1405 ποτέ
1071 1366 1142 1405 τινα

11 1426 156 1490 δτούτων
180 1428 368 1510 πινόμενον·
413 1430 483 1495 ἀλλ’
505 1424 579 1496 ὅσον
600 1431 772 1521 ἐξύντλητα
800 1446 875 1523 παρ’
899 1442 1000 1505 αύτού
1024 1443 1064 1504 δι’
1086 1440 1144 1504 εύ-

34 1528 145 1603 ποιιας
169 1526 208 1593 τύ
228 1526 381 1614 χρήματα
403 1534 459 1596 καί
478 1535 679 1616 χρεωλυσίας
700 1538 859 1623 πεποίητο,
881 1545 1030 1606 τοσοῦτον
1052 1540 1139 1625 παρύ

34 1632 94 1691 τού
112 1632 339 1710 βασιλεύοντος
360 1625 486 1697 ἄνωθεν
507 1636 745 1720 ἐπιχορηγεῖται
773 1642 874 1765 ταύτην
896 1666 984 1763 πηγη
999 1665 1052 1705 και
1076 1666 1138 1706 πο-

35 1730 140 1812 ταμὸς
169 1733 300 1813 χρυσοῦν
320 1729 553 1818 α’νεξύντλητος.
607 1729 742 1824 ύληδινη
770 1739 831 1825 γὰρ
854 1740 940 1807 ἐστιν
962 1736 1140 1823 ύμπελσςό

33 1855 90 1916 της
121 1828 272 1918 α’φδόνσν
306 1829 510 1913 μεταδόσεως
537 1835 666 1920 κύριος,
708 1843 858 1905 τοσούτου
890 1843 1139 1925 ἐπαοξανόμινοτ

1 1948 2 1969 t
33 1928 112 1999 ὅσον
132 1935 315 2017 περιτίμνει
335 1932 390 1998 τύν
413 1942 548 2003 πλούτου
570 1941 624 2002 καί
651 1940 815 2022 σκορπίζει
839 1945 880 2005 δι’
901 1943 1095 2029 α’γαθύτητα.
1148 1958 1270 2018 mida.

132 2032 233 2099 Ἀλλὰ
262 2032 299 2099 τύ
331 2039 391 2115 μὲν
421 2040 575 2118 respirari
605 2040 712 2123 σοφού
742 2044 899 2122 βασιλέως
921 2043 997 2108 κατὰ
1027 2046 1139 2128 καιρύν

31 2139 191 2215 λελέξεται
213 2129 359 2219 ύστερον,
382 2131 555 2203 ύτετούτον
577 2135 595 2223 ἦ
618 2138 710 2216 πόλις
732 2140 861 2224 λαμπρύ
884 2148 1038 2228 λαμπρῶς
1057 2146 1140 2210 ύπο-

32 2240 160 2315 δέξεται
191 2235 246 2299 καί
273 2235 410 2321 μυρίαις
440 2240 556 2329 τιμήσῃ
588 2248 656 2317 ταῖς
683 2240 860 2327 εύφημίοιις
886 2244 942 2308 καί
962 2241 1141 2328 πανηγύρε-

32 2361 108 2403 σιν·
154 2338 188 2400 do
209 2338 245 2400 δδ
265 2343 331 2412 τοῖς
352 2330 509 2420 ἑσπερίοις
528 2344 640 2425 μέρεσι
663 2341 792 2427 φεύγων
817 2347 875 2424 μὲν
895 2344 910 2408 6
932 2347 991 2408 τού
1013 2351 1141 2426 Βροεν-

0 2453 16 2488 ⁹¹
33 2442 107 2503 νίσν
130 2433 334 2522 αύτοίδελφος
355 2436 435 2520 μετὰ
459 2442 521 2503 τῶν
541 2442 624 2527 ἄμφ’
650 2440 748 2507 αύτύν
776 2447 816 2528 τῇ
834 2444 1003 2532 Ῥαιδεστηῖ
1023 2467 1142 2528 προσε-

31 2543 166 2619 ardinor,
189 2536 243 2602 κού
262 2535 382 2623 ταύτης
402 2536 489 2614 ἐντὸς
510 2541 731 2626 εἰσελήλυθεν,
752 2540 781 2607 οἱ
802 2545 837 2607 δὲ
859 2544 1061 2622 Πατζινύκοι
1083 2545 1141 2630 τήν

32 2645 98 2704 τοῖν
121 2639 325 2705 Μακεδόνων
346 2642 544 2707 α’ποστασίαν
566 2644 651 2706 ἰδίαν
668 2643 843 2727 εύπραγίαν
861 2650 917 2709 ιιαί
937 2640 1066 2711 εὔνοιαν
1087 2653 1142 2710 λο-

32 2741 214 2823 γισάμενοι,
242 2741 324 2821 μιτοὶ
351 2739 493 2826 πλήθους
515 2737 578 2806 ὀὖν
607 2740 775 2827 ἐλαχίστου
805 2749 845 2833 τῇ
869 2747 1141 2833 Ἀδριανουπύλοι

107 2903 328 3041 τιέζξίὸθλῦ·
425 2903 689 2978 9·v‘nmptporn?
794 2908 905 2964 staec.
999 2912 1040 2966 10
1059 2911 1139 2979 ἐξίν-

31 3122 198 3177 liberalibus
217 3138 308 3177 omnes
329 3139 409 3192 supra
428 3138 530 3176 omnem
549 3138 622 3190 spem
642 3125 721 3176 valde
740 3125 835 3177 ditavit
855 3135 882 3177 et
907 3124 1063 3177 honorificis
1089 3140 1139 3176 ax.

32 3195 209 3265 ceptiouibus
228 3203 255 3246 et
274 3195 459 3263 largitionibus
478 3195 619 3246 multorum
639 3194 797 3247 talentorum
818 3196 1067 3246 exercitumcontra
1087 3210 1139 3261 op.

32 3270 155 3336 positum
183 3266 347 3351 Bryennium
374 3274 400 3318 et
426 3277 532 3319 ceteros
556 3275 682 3332 tyrannos
707 3267 847 3317 maximum
878 3266 1023 3316 excitavit.
1050 3279 1139 3333 nequa

33 3340 183 3407 quidquam
202 3339 226 3387 ei
246 3339 355 3402 inopiae
374 3337 418 3389 vel
439 3338 604 3391 dililcultatis
622 3338 729 3390 omnino
749 3337 875 3400 obvenit,
896 3339 931 3388 ita
949 3344 980 3387 ut
1008 3337 1043 3387 sit
1062 3335 1137 3388 clara

33 3419 64 3461 et
83 3426 151 3462 reru
172 3410 257 3460 oratio
276 3408 324 3459 illa
342 3416 448 3461 vetusta
467 3418 494 3460 et
510 3410 724 3494 prudentissima,
744 3411 789 3461 ubi
809 3375 949 3462 consilium
971 3408 1070 3460 bonum
1090 3407 1139 3459 ad-

32 3483 81 3546 sit,
102 3480 140 3531 ibi
160 3479 228 3531 nibil
250 3495 310 3532 esse
330 3481 522 3549 impedimenti,
539 3484 653 3533 maxime
671 3490 758 3534 autem
777 3497 867 3549 regem
881 3481 980 3531 ceteris
1000 3476 1138 3528 excellere

32 3553 160 3604 divitiis:
187 3559 266 3620 atque
290 3566 368 3604 nemo
392 3554 470 3604 novit
492 3568 606 3621 unquam
632 3569 781 3622 quenquam
811 3554 902 3605 borum
931 3564 1063 3618 egenum.
1091 3549 1140 3599 sed

36 3631 169 3693 quantum
189 3623 381 3674 exhauriuntur
408 3623 441 3674 ab
461 3638 492 3675 eo
511 3626 622 3677 divitiae
649 3624 791 3677 beneflciis
817 3634 843 3675 et
866 3624 962 3675 olliciis
980 3620 1138 3681 solvendis,

33 3704 140 3747 ustum
161 3709 259 3761 aroge
279 3708 377 3761 supero
397 3695 539 3760 praebetur
557 3696 619 3748 huic
641 3698 699 3748 lons
720 3706 747 3747 et
765 3682 863 3748 fluviu6
878 3695 935 3744 anri
956 3691 1137 3745 inexhaustus.

35 3781 107 3819 vera
127 3767 198 3817 euim
217 3766 281 3817 vitis
302 3774 342 3818 est
359 3766 492 3835 benignae
511 3767 662 3835 largitionis
681 3769 812 3831 dominus,
831 3771 1032 3818 tantumauctns
1035 3777 1140 3829 ,-quan

34 3846 92 3890 tum
113 3837 313 3889 circumscribit
330 3838 449 3901 divitias,
470 3847 497 3890 et
514 3840 616 3906 spargit
640 3846 750 3905 propter
772 3840 906 3889 virtutem.

141 3926 195 3977 Sed
213 3926 246 3976 de
267 3928 388 3992 sapiente
407 3941 472 3993 rege
494 3942 543 3979 suo
562 3933 682 3991 tempora
703 3926 806 3976 dicetur
824 3932 926 3991 postea,
947 3924 1050 3992 quando
1071 3923 1142 3974 bunc

36 3998 102 4049 urbs
121 3995 263 4065 splendida
277 3997 417 4064 splendida
429 3999 545 4065 excipiet
564 4004 591 4047 ot
604 3994 841 4048 innumerabilibus
859 3995 999 4048 honorabit
1018 3994 1141 4047 laudibus

33 4078 63 4118 et
83 4070 172 4120 lestis.
193 4070 219 4119 in
242 4067 455 4120 occidentalibus
474 4077 559 4119 antem
581 4066 699 4135 partibus
721 4067 828 4134 fugiens
848 4067 929 4118 irater
941 4068 1070 4133 bryennii
1082 4077 1140 4115 cum

34 4142 104 4205 suis,
124 4140 258 4191 llacdesto
278 4140 507 4207 appropinquavit
524 4145 551 4189 et
569 4139 637 4189 banc
661 4137 751 4189 urbem
777 4141 893 4190 intravit.
931 4138 1066 4191 Petrinaci
1090 4148 1141 4183 uu-

36 4219 93 4262 tem
111 4210 287 4264 llaccdonum
306 4211 466 4264 seditionem
484 4225 558 4263 suam
577 4209 733 4261 felicitatem
753 4218 780 4261 et
803 4210 1018 4263 benevolentiam
1044 4213 1141 4273 putau-

38 4291 82 4335 tes
106 4298 166 4336 eum
188 4283 359 4335 multitudine
377 4296 433 4335 nou
451 4284 559 4337 minima
573 4280 749 4348 Adrianopoli
768 4284 1011 4349 appropinquarunt
1029 4286 1055 4328 ct
1074 4274 1142 4326 banc
1183 4330 1191 4345 Ι
