3150 4986
312 343 388 423 222
618 332 839 409 inculinus
869 324 1129 400 Ammonis

311 537 382 591 ποις
402 509 458 576 καί
476 504 601 592 κ”τη’νεσι
623 501 680 568 τὸν
704 503 775 583 βίον
796 498 996 581 πεποίηνται,
1024 495 1081 557 καί
1100 482 1269 574 έιατριβην
1286 484 1420 570 ἡδίστην

312 619 367 680 καί
388 608 579 695 ἀπράγμονα
607 606 662 669 καί
691 598 869 686 χαρίεσσαν
890 599 991 683 πάντη
1016 595 1070 658 καί
1099 590 1236 670 εὖζωίαν
1255 587 1422 670 παρέχου-

312 740 375 781 σιν.
420 709 449 775 οἱ
477 702 613 790 σίντην
639 698 795 787 Ἰβηρικη“ν
815 700 989 778 οἰκοῦντες,
1011 684 1124 777 ἄνδρες
1143 685 1368 772 α’νιλρειότατοί
1385 707 1421 749 τε

312 807 401 889 ὄντες
430 813 486 877 καί
507 807 649 891 ἰσχυρῶς
669 802 916 882 παλαμοίμενοι,
947 797 1000 859 διὰ
1023 790 1139 867 παντίς
1159 796 1224 864 τοῖς
1240 788 1421 869 Ῥωμαίοις

312 915 560 992 ἀντεπολέμουν,
595 908 651 971 καί
678 902 845 988 καρτερίας
873 896 951 983 ἔργα
982 894 1037 960 καί
1065 892 1181 976 α’ρετῆς
1213 893 1281 954 κατ’
1310 886 1446 952 altnae

312 1018 550 1082 ἐπεδείκνυντο·
585 1007 641 1072 καί
661 1004 824 1087 δυσχερῶς
849 999 955 1065 αὐτῶν
976 993 1006 1061 οἱ
1023 992 1192 1076 Ῥωμαῖοι
1204 994 1346 1076 μεγίστην
1363 985 1423 1050 κατ’

313 1116 492 1200 ἅνυπσίστηι
520 1110 637 1192 θάρσει
667 1106 723 1169 καί
750 1098 984 1185 α’νεκβιηγητοις
1014 1096 1131 1180 ὁρμαῖς
1152 1093 1353 1175 ἐκυρίευσαν,
1377 1083 1421 1162 ὥς

311 1213 368 1281 dcci
389 1206 510 1299 χρόνου
529 1206 668 1284 σπονδάς
690 1202 932 1287 ἐπιτελεσθῆναι
952 1203 1074 1275 τούτοις
1094 1194 1149 1261 καί
1163 1191 1282 1275 οίναμίξ
1303 1185 1421 1257 σύνθε-

314 1341 365 1383 σιν
390 1318 424 1391 ἐξ
458 1309 687 1397 έπιγαμβρείας
715 1308 770 1369 καί
789 1296 1062 1386 μετοικιῶνπρός
1082 1291 1253 1379 ἆλληλους·
1298 1288 1348 1356 διὸ
1366 1292 1423 1355 καί

316 1416 333 1483 o‘
352 1418 449 1500 μέγας
470 1417 504 1479 ίν
525 1413 695 1494 βασιλεῦσι
728 1408 781 1471 καί
811 1404 1020 1483 παναοίδιμος
1042 1402 1282 1469 Κωνσταντϊνος
1304 1400 1422 1476 μοῖραν
1432 1406 1467 1461 lt

315 1519 375 1583 ου’κ
396 1518 567 1599 ἐλαχίστην
589 1513 722 1590 ἐκεῖθεν,
744 1510 778 1573 ἐκ
798 1506 861 1572 τῶν
880 1499 1035 1585 ἑσπερίων
1053 1494 1194 1583 Ἰβήρων,
1218 1490 1422 1575 ἀποτεμόμε-

315 1640 369 1693 νος
390 1618 435 1691 είς
456 1614 516 1698 την
536 1610 620 1678 {aaa
640 1610 813 1698 μετῴκισεν
827 1604 860 1671 έν
880 1612 945 1679 τοῖς
963 1606 1018 1686 τῆς
1035 1602 1206 1683 Ἀσσυρίας
1224 1598 1347 1680 μέρεσι,
1369 1595 1425 1659 κατ’

318 1717 422 1784 ἔκτοτε
449 1715 520 1798 τὴν
538 1716 648 1799 κλῆσιν
678 1718 735 1795 τῆς
764 1710 901 1792 Ἰβηρίας
933 1703 954 1788 ἤ
986 1702 1140 1783 δεξαμένη
1172 1700 1302 1772 τούτους
1330 1694 1425 1779 χαίρα

317 1819 506 1900 προσέλαβε.
549 1809 704 1898 πρότερον
728 1805 790 1893 ηοὶρ
822 1805 985 1888 Ἀσσύριοι
1011 1804 1065 1866 καί
1092 1796 1208 1882 ταύτην
1238 1786 1341 1883 ᾤκουν
1367 1790 1426 1876 την

306 1994 312 2005 ¹
318 1914 441 2004 χώραν,
466 1913 573 1980 ἔπειτα
597 1914 720 1996 Μῆδοι,
742 1907 824 1990 μετὰ
845 1908 880 1971 δὲ
898 1906 1034 1989 χρόνους
1056 1897 1184 1975 ἱκανοὺς
1204 1895 1235 1963 οἱ
1255 1897 1425 1979 Ἀρμένιοι·
1437 1909 1471 1962 15

320 2018 375 2084 καί
395 2019 453 2082 ου’κ
469 2008 509 2081 ι’ίν
530 2007 620 2098 είροι
633 2036 683 2088 τις
705 2012 758 2076 ἐπί
779 2012 842 2074 τοῖν
864 2000 931 2072 τίνω
950 2000 1076 2089 χρόνων
1090 1994 1221 2086 Ἴβηρος
1243 2018 1425 2082 μνημονευ·

320 2122 436 2203 μίνους
458 2119 600 2183 maora
621 2116 654 2179 ἑν
676 2119 825 2186 παλαιαῖς
845 2106 1012 2193 ἱστορίαις,
1032 2107 1062 2169 εί
1081 2099 1126 2185 μὴ
1148 2103 1182 2178 έξ
1205 2089 1305 2180 οὗπερ
1329 2100 1427 2162 Κων-

320 2227 481 2296 σταντῑνος
502 2204 643 2291 τούτους
664 2211 782 2278 aerior
815 2209 998 2296 κατῴκισεν.
1037 2208 1074 2270 ἐκ
1103 2204 1224 2268 τούτων
1242 2191 1308 2286 gods
1334 2193 1425 2279 εἴπερ

323 2317 408 2385 oica
428 2322 614 2401 τοῦγένους
635 2317 692 2381 τοῦ
716 2314 819 2379 <broad
842 2308 1014 2393 μετίληξιν
1037 2301 1122 2388 εἶχον
1143 2309 1264 2387 γένους,
1286 2296 1328 2376 τίς
1349 2293 1426 2379 ὅμο-

268 2441 273 2451 “
323 2424 438 2505 χοίρων
456 2423 631 2505 γενομένων
653 2419 728 2482 ποτὲ
746 2416 802 2479 καί
821 2407 1030 2494 ου’τοχθόνων
1055 2404 1118 2471 dni
1139 2407 1195 2489 τῆς
1213 2406 1249 2469 έν
1267 2397 1476 2489 τῇῬαίμηω

192 2542 211 2596 l.
229 2541 281 2596 215
291 2557 314 2594 r.
323 2526 491 2608 συμφυΐας
514 2521 569 2585 κατ’
596 2518 791 2595 συναυλίας,
815 2514 951 2593 ου’δεμία
973 2504 1113 2596 διαφορὰ
1133 2504 1272 2589 εὐγενῶν
1290 2504 1347 2567 α’π’
1368 2502 1429 2565 α’λ-

325 2622 429 2706 λήλων
462 2624 518 2687 καί
549 2621 704 2707 α’νδρείων
733 2613 991 2701 συνεληλυθότων
1019 2612 1064 2687 είς
1095 2598 1174 2690 μιᾶς
1200 2600 1430 2689 συμπλήρωσιν
1456 2591 1464 2599 ’

326 2722 536 2807 κοσμίοτητσς.

330 3055 450 3127 Ιειιειιττιυι
470 3047 609 3109 εεςειλαιυ
627 3042 735 3095 omnino
754 3048 782 3092 ot
799 3041 880 3093 vitam
897 3036 1038 3090 lautiorem
1055 3032 1193 3101 praebent
1213 3030 1328 3086 iberiam
1348 3029 1431 3097 igtur

329 3113 508 3166 inhabitantes
527 3114 594 3178 viri,
621 3114 759 3168 fortissimi
780 3121 806 3164 et
824 3110 903 3163 valdo
919 3108 1033 3171 strenui,
1052 3106 1160 3157 omnino
1181 3112 1275 3157 eontra
1294 3101 1430 3154 Romanos

329 3185 403 3238 bella
421 3184 561 3254 gerebant,
582 3193 609 3237 ct
621 3187 767 3254 patientiae
785 3184 854 3235 lucta
867 3190 946 3248 utque
958 3180 1064 3232 virtutis
1076 3184 1167 3239 contra
1180 3190 1227 3227 eos
1247 3172 1431 3226 ostendeban-

332 3264 384 3322 εστ,
396 3264 477 3325 atque
495 3271 577 3324 segre
595 3259 629 3308 iis
639 3257 750 3310 Romani
771 3255 883 3307 munima
903 3260 930 3305 et
947 3249 1111 3303 irresistibili
1130 3248 1239 3300 audacia
1261 3252 1288 3296 ct
1309 3243 1431 3313 ingenti.

328 3328 378 3380 bns
396 3327 500 3380 uiribus
518 3330 672 3394 superiores
693 3333 755 3379 sunt
777 3327 858 3380 lacti:
884 3326 920 3375 ita
939 3331 968 3375 ut
985 3324 1084 3374 sensim
1104 3320 1243 3387 pactiones
1262 3317 1430 3385 perliceren-

328 3407 372 3483 τοι
389 3399 430 3450 bis
450 3407 477 3450 et
495 3400 610 3451 invicem
630 3401 788 3466 compositio
804 3413 839 3448 ex
856 3396 987 3448 affinitate
1006 3400 1034 3444 ct
1051 3392 1155 3445 sedium
1170 3391 1241 3441 inter
1259 3402 1290 3440 se
1309 3402 1432 3439 cominu.

328 3484 419 3522 nronc.
457 3470 627 3539 quemobrem
656 3472 734 3522 etiam
759 3484 870 3536 maguus
888 3469 957 3518 iuter
981 3480 1061 3532 roges
1087 3470 1114 3515 et
1133 3462 1241 3513 omnino
1262 3457 1433 3514 venenatas

328 3540 519 3625 Constantinus
538 3551 639 3609 partem
659 3556 712 3593 non
730 3542 864 3592 minimam
882 3539 945 3591 inde
959 3552 992 3588 ex
1009 3535 1130 3587 iberibus
1150 3530 1359 3585 occidentalibus
1378 3526 1433 3579 ab.

328 3613 454 3665 scindens
472 3615 499 3665 in
525 3615 655 3667 orientem
674 3612 853 3679 transposuit,
878 3617 908 3661 ut
930 3608 1081 3661 babitarent
1097 3607 1126 3657 in
1139 3605 1275 3670 ulssprire
1295 3599 1432 3670 partibus:

330 3689 410 3749 atquo
428 3685 491 3736 inde
510 3701 544 3737 ex
562 3700 594 3737 eo
608 3692 728 3752 tempore
741 3698 836 3735 nomen
850 3681 954 3734 iberiae
971 3688 1042 3731 terra
1060 3691 1130 3746 quse
1146 3677 1253 3743 excepit
1270 3673 1331 3738 lios,
1350 3686 1433 3724 acec-

331 3752 379 3817 pit
399 3758 478 3804 sulca
498 3757 567 3806 enim
576 3757 680 3822 Assyrii
701 3763 728 3806 ct
747 3754 814 3806 banc
830 3751 984 3804 incolebant
1002 3758 1116 3811 terram,
1136 3747 1233 3799 deinde
1245 3746 1325 3810 blcdi,
1345 3743 1434 3811 pluri-

331 3820 381 3872 bus
400 3825 563 3888 temporibus
583 3835 644 3893 post
652 3826 782 3890 Armenii,
802 3839 891 3893 nequa
904 3822 1025 3875 inveniat
1043 3821 1182 3888 qnisquam
1202 3816 1273 3886 quod
1290 3817 1324 3868 ad
1344 3815 1434 3882 priora

332 3899 453 3958 tempora
470 3896 587 3958 pertinet
596 3897 686 3950 iberes
706 3903 924 3950 commemoratos
944 3894 980 3945 ibi
1000 3895 1027 3944 in
1044 3890 1160 3958 antiquis
1178 3888 1310 3952 historiis,
1328 3886 1383 3939 nisi
1401 3898 1435 3935 ex

333 3976 386 4032 quo
405 3976 515 4030 magnus
535 3965 722 4020 Constsminus
750 3969 791 4020 bis
811 3968 847 4019 ibi
866 3967 944 4019 sedes
963 3965 1044 4016 dedit.
1089 3977 1122 4013 ex
1141 3960 1183 4014 bis
1202 3962 1284 4028 igitur
1302 3957 1436 4026 siquidem
1476 3996 1490 4015 ,

333 4036 379 4103 qai
399 4049 415 4085 e
432 4047 534 4117 genere
551 4033 657 4087 Phocae
683 4049 758 4091 crant
775 4039 947 4092 mutationem
965 4034 1100 4087 habebant
1116 4033 1236 4101 generis,
1255 4032 1357 4099 quippe
1375 4042 1436 4080 curn

334 4114 503 4159 conterraner
522 4114 612 4157 essent
631 4116 658 4158 ct
676 4110 818 4176 indigenae
848 4109 1000 4162 anonam
1026 4105 1217 4157 coniunctione
1238 4109 1266 4154 et
1284 4113 1437 4153 coness-

330 4178 408 4230 tioue
427 4175 503 4262 nulla
521 4176 663 4229 diversitas
682 4179 776 4230 incidit
792 4180 924 4234 nobilium
941 4179 1058 4232 invicem
1077 4184 1105 4229 et
1122 4175 1242 4240 fortium,
1263 4173 1311 4243 qui
1330 4186 1440 4224 couse-

333 4257 430 4301 nerant
446 4265 475 4302 sn
492 4249 572 4303 unius
591 4250 811 4317 compositionem
830 4253 942 4306 ordinis.
