3222 5000
353 367 403 439 20
660 358 879 434 triennum
909 351 1176 431 imiamins

354 525 594 615 σεβαστοφόρος
610 528 773 614 Στέφανος
808 526 862 592 διά
886 530 941 611 τῆς
961 528 1088 611 α’γοράς,
1111 519 1151 589 τά
1174 521 1284 606 πράτα
1306 514 1392 601 παρά
1416 516 1462 603 spi

353 634 485 711 βασιλεῖ
504 626 585 710 μετά
608 631 724 712 πολλῆς
757 629 811 712 τῆς
834 625 1054 710 λαμπρότητος
1077 622 1214 708 ἔσχηκε,
1244 622 1299 685 καί
1320 612 1461 703 ζηλωτός

354 732 513 794 πάσικαί
525 727 795 813 περισπούδαστος
814 729 1009 811 ε’γνωρίζετο.
1053 727 1123 789 έπεί
1143 725 1178 788 δὲ
1200 720 1239 787 τά
1263 723 1319 803 τῆς
1341 721 1461 784 δεσπο·

354 831 440 915 τικῆς
460 830 664 912 εὐδαιμονίας
683 829 832 911 α’βέβαιο,
854 828 1039 911 διαβληθείς
1062 826 1117 888 καί
1133 814 1223 899 οὗτος
1243 819 1287 898 άς
1303 820 1352 907 εἴη
1365 827 1463 902 μελε-

354 932 417 994 τᾶν
437 927 631 1013 ἐπιβουλήν,
653 923 827 1011 όπερορίαν
848 929 964 992 αάτίκα
988 926 1042 988 καί
1062 923 1217 1009 δημευσιν
1238 924 1295 987 καί
1312 921 1486 1003 άπόκαρ-5

356 1053 408 1095 οιν
429 1029 618 1115 κατεκρίθη·
663 1026 753 1093 καίό
784 1032 845 1092 τάν
868 1024 1070 1092 οἰκειοτάτων
1089 1026 1175 1109 adep
1196 1016 1258 1103 τίς,
1284 1013 1310 1112 ᾧ
1339 1024 1395 1085 καί
1421 1021 1459 1086 τό

256 1184 263 1197 ,
356 1128 473 1213 κράτος
491 1134 621 1212 μέλλειν
641 1134 820 1213 περιθεῖναι
856 1133 1076 1212 κατηγορεῖτο,
1098 1128 1163 1190 τῶν
1184 1125 1363 1211 ὀφθαλμῶν
1390 1128 1462 1205 μετ’

357 1230 462 1316 δλίγον
483 1233 655 1316 ἐστέρηται.
749 1230 752 1236 “

458 1329 664 1412 Ἀπαλλαγείς
696 1322 754 1393 οδν
783 1328 799 1393 o‘
831 1325 984 1410 βασιλεάς
1012 1330 1067 1411 τῆς
1095 1324 1251 1409 τοσαύτης
1277 1324 1461 1408 φροντίδος,

360 1431 405 1508 είς
424 1427 536 1513 ἓτέραν
564 1420 663 1506 αὖθις
694 1427 832 1514 α’νάγκην
854 1429 990 1496 ἐνέπεσε.
1045 1424 1181 1507 πόλεμος
1200 1423 1261 1508 γάρ
1282 1423 1463 1510 α’λλόφυλος
1473 1448 1507 1501 10

359 1528 508 1604 ναυτικάς
526 1522 605 1610 ἄχρι
616 1531 671 1613 της
685 1530 904 1611 Προποντίδος
920 1525 979 1611 τὴν
997 1530 1149 1609 βασιλίδα
1163 1529 1326 1611 κατέλαβε,
1344 1528 1462 1591 πλοίων

358 1625 519 1696 ‘Poenum
556 1630 620 1692 τοῖν
651 1629 864 1713 τετρακοσίων
899 1627 957 1690 oda
990 1625 1188 1692 οίποδεόντων
1225 1622 1463 1710 έπιρραξάντων

265 1770 268 1781 τ
362 1729 456 1816 ου’τῇ,
478 1728 711 1813 καταφράκτων
732 1723 838 1803 ὅπλοις
854 1750 887 1793 τε
905 1727 960 1797 καί
979 1727 1131 1814 πολεμικῇ
1148 1723 1296 1813 ἐμπειρία
1317 1725 1371 1791 καί
1383 1726 1462 1810 πλη-

362 1833 415 1894 θει
435 1831 498 1893 τῶν
519 1830 553 1893 έν
574 1830 683 1906 ου’τοϊς
707 1826 922 1894 εἰσπλεόντων.
966 1828 1021 1893 καί
1048 1835 1176 1909 κατεῖχε
1198 1827 1296 1913 φόβος
1319 1824 1376 1912 την
1394 1822 1463 1890 Βά·

364 1931 474 2009 ζαντος
497 1932 554 1994 ου’κ
575 1931 743 2014 ἐλάχιστος
765 1925 818 1993 διά
839 1928 876 1994 τό
902 1926 1126 2014 α’παράσκεοον
1147 1929 1182 1993 έκ
1203 1928 1257 2011 τῆς
1278 1924 1462 2012 άπροόπτου
1476 1944 1510 1997 15

361 2030 422 2095 τοῦ
441 2028 554 2105 ἔθνους
582 2029 761 2118 ἐπιδημίας.
810 2025 896 2113 ὅμως
922 2028 961 2095 τά
982 2026 1210 2114 παρατυχόντα
1238 2026 1346 2114 μακρά
1368 2033 1464 2091 stote

363 2131 418 2196 καί
439 2129 550 2207 λοιπάς
571 2127 683 2213 ἑτέρας
704 2133 784 2206 ναῦς
809 2131 981 2214 πολεμικάς
1002 2127 1019 2192 ό
1044 2129 1195 2211 βασιλεύς
1215 2130 1464 2212 συστησάμενος,
1499 2198 1503 2203 ‚

365 2232 421 2297 καί
442 2233 554 2318 πεζικῇ
576 2228 712 2313 δυνάμει
743 2228 817 2307 τούς
848 2232 1099 2317 παρακειμένους
1126 2227 1290 2314 αίγιαλοάς
1308 2251 1465 2314 συμπερι·

364 2330 490 2414 λαβών,
518 2333 574 2397 καί
599 2330 785 2417 προσθήκην
813 2326 958 2396 ἑκάστοτε
987 2334 1042 2415 τῆς
1076 2332 1204 2415 πεζικῆς
1233 2331 1289 2394 καί
1315 2330 1467 2413 ναυτικῆς

365 2429 722 2520 ίοχόοςρλαμβανοάσης
743 2430 797 2496 διά
817 2432 1010 2518 γραμμάτων
1031 2427 1216 2517 φοιτώντων
1235 2434 1281 2509 είς
1302 2430 1361 2506 τάς
1383 2425 1516 2501 κατότι)

365 2530 477 2616 χάραν
497 2528 677 2617 ἡγεμονίας,
702 2536 735 2597 έν
757 2529 860 2620 ἡμέρᾳ
881 2530 991 2623 κράτη
1013 2533 1070 2615 τῆς
1090 2527 1268 2614 ἑβδομάδος
1286 2526 1326 2618 ιῖν
1349 2530 1468 2615 κυριο-

365 2632 422 2716 κην
442 2630 459 2696 ό
477 2628 776 2717 χριστιανικοότατος
805 2627 872 2698 οίδε
907 2633 981 2711 λαός
1011 2631 1045 2699 ἐκ
1071 2642 1129 2720 τῆς
1149 2636 1206 2699 τοῦ
1236 2638 1348 2719 κυρίου
1378 2630 1469 2718 η’μάν

368 2731 589 2817 α’ναοτάοεως,
613 2732 745 2812 έκτάξας
772 2725 872 2823 άμφω
905 2733 962 2812 τάς
990 2732 1142 2819 δυνάμεις
1173 2734 1308 2821 (άνῆλθε
1329 2732 1390 2820 γάρ
1414 2731 1471 2798 καί

371 3040 480 3095 babuitz
499 3050 526 3096 et
539 3042 717 3096 aemulatione
735 3044 856 3099 omnibus
874 3052 902 3096 et
918 3045 1104 3098 aestimatione
1120 3046 1217 3116 dignus
1237 3045 1386 3100 videbatur.
1408 3061 1469 3098 cunr

370 3123 458 3167 autem
475 3115 621 3182 imperandi
641 3116 746 3168 fortuna
765 3118 870 3168 incerta
882 3117 926 3180 sit,
940 3125 1078 3170 accusatus
1097 3126 1124 3169 et
1142 3117 1185 3169 bic
1202 3119 1277 3187 quusi
1296 3118 1471 3170 meditaretur

370 3187 490 3251 insidias,
511 3186 601 3239 exsilii
620 3189 707 3240 statim
733 3198 760 3240 et
778 3186 967 3253 publicationis
992 3188 1121 3240 bonorum
1142 3197 1169 3239 et
1187 3196 1314 3241 tonsurae
1332 3190 1470 3241 damnatus

371 3265 427 3308 cat:
439 3266 467 3308 et
481 3273 515 3309 ex
528 3259 761 3327 propinquissimia
778 3259 803 3309 ei
821 3274 899 3322 unus,
919 3274 996 3326 quem
1017 3261 1093 3311 etiarn
1115 3261 1235 3326 potentis
1252 3261 1391 3311 induturus
1409 3275 1472 3311 esse

369 3326 552 3392 accusabatur,
575 3329 662 3382 ocuiis
680 3331 847 3397 campaneis
870 3331 989 3397 privatus
1007 3339 1055 3382 eat.
1093 3331 1221 3383 liberatus
1238 3332 1319 3399 igitur
1333 3346 1382 3382 rex
1397 3338 1472 3383 mnu

371 3413 434 3451 cura
452 3400 479 3451 in
497 3400 608 3453 alteram
625 3416 716 3453 rursus
734 3402 959 3453 necessitudinem
981 3402 1081 3454 incidit.

469 3469 574 3523 beilum
595 3473 664 3524 enim
683 3474 853 3539 peregrinum
876 3471 973 3523 navale
993 3488 1077 3542 usque
1099 3474 1132 3525 ad
1150 3471 1340 3539 Propontidem
1358 3486 1472 3540 reguum

371 3544 523 3609 occuparit,
551 3559 610 3595 cnm
636 3558 720 3595 nuves
744 3543 859 3596 lioaicso
888 3543 945 3594 iera
974 3546 1183 3612 quadringentae
1209 3545 1234 3596 id
1258 3544 1473 3613 aggrederentur

370 3614 515 3665 instructoe
529 3616 647 3667 armiset
666 3613 731 3666 beiii
753 3614 848 3681 peritia
870 3623 897 3665 et
916 3613 1084 3667 multitudine
1105 3630 1206 3679 eorum,
1227 3616 1317 3684 quiin
1337 3615 1369 3666 iia
1389 3616 1472 3667 navi.
1517 3616 1530 3627 “

371 3692 485 3751 gnorent:
506 3692 533 3735 et
558 3686 673 3737 obtinuit
694 3688 772 3737 timor
790 3685 917 3751 Byzantia
937 3686 1028 3739 urbem
1052 3701 1105 3738 non
1123 3687 1247 3737 minimus
1267 3702 1326 3737 cunr
1347 3700 1403 3737 non
1425 3702 1471 3736 es-

312 3774 318 3785 ·
371 3761 432 3806 sont
448 3755 532 3818 parati
547 3764 655 3822 propter
673 3759 884 3824 inexspectatum
905 3757 998 3824 popuii
1010 3759 1161 3810 adventum.
1201 3765 1289 3808 tamen
1310 3772 1380 3825 queo
1401 3756 1471 3808 forte

373 3824 617 3888 metuendorum,
636 3842 718 3878 naves
739 3827 833 3898 longas
855 3835 882 3879 et
901 3827 1005 3897 reliqua
1027 3829 1081 3881 aliu
1100 3829 1209 3896 navigia
1227 3827 1326 3879 bellica
1345 3842 1393 3878 rex
1412 3842 1472 3878 cum

373 3896 568 3961 composuisset
585 3904 612 3947 et
623 3899 738 3963 pedestri
751 3900 870 3951 exercitu
888 3900 978 3951 vicina
997 3899 1075 3952 litora
1092 3901 1223 3951 firmasset
1243 3914 1355 3968 cumque
1375 3914 1474 3951 acces·

372 3966 475 4017 sionem
489 3966 606 4041 undique
619 3968 659 4018 vis
671 3969 802 4033 pedestria
822 3978 848 4021 et
859 3969 963 4021 navalis
976 3972 1134 4035 accepisset,
1153 3968 1239 4020 literis
1258 3985 1326 4038 quae
1344 3968 1475 4037 divulga.

373 4044 466 4088 rentur
478 4037 506 4087 in
517 4038 594 4105 regni
607 4038 727 4103 imperia,
741 4040 785 4090 die
797 4041 881 4107 primo
895 4040 1072 4104 hebdomadis,
1084 4055 1161 4108 quam
1174 4040 1332 4092 dominicam
1345 4038 1476 4092 christia.

373 4107 497 4158 pissimus
521 4109 598 4158 novit
617 4107 731 4174 populus
753 4125 787 4160 ex
811 4110 909 4162 domini
930 4113 1014 4163 nostri
1033 4113 1245 4175 resurrectione,
1269 4119 1411 4180 postquam
1429 4113 1476 4163 iu.

373 4179 471 4230 struxit
487 4177 578 4231 ambos
604 4180 739 4232 exercitus
750 4198 761 4231 r
779 4180 915 4247 proiectus
938 4190 980 4234 est
999 4183 1069 4233 enirn
1089 4183 1192 4249 etipse
1212 4197 1270 4234 cum
1289 4184 1366 4252 regia
1386 4197 1477 4235 nave:

374 4258 401 4301 et
420 4265 468 4303 eos
489 4249 632 4304 clamorem
652 4250 780 4306 bellicum
800 4252 880 4306 edere
899 4253 991 4318 iussit,
1011 4255 1168 4320 supervenit
1186 4252 1293 4320 hostes,
1314 4268 1409 4322 proras
1426 4269 1478 4307 or-
