3222 5000
340 364 389 445 32
652 376 871 451 mentulis
901 375 1160 450 rmmromu

340 513 485 623 συνεχεῖς
512 539 630 606 καθ’
618 544 752 630 εκάστην
784 514 941 631 ἐγίνοντο,
971 551 1044 613 ποτὲ
1077 549 1135 627 μὲν
1166 542 1288 610 τοιίτων
1320 539 1398 604 ποτὲ
1421 538 1452 602 δ’

340 643 468 706 ἐκείνων
490 643 759 768 πρραρποζόντων
789 647 845 732 τὴν
863 673 958 734 νιιιην.
1009 646 1081 711 ἐπεὶ
1107 646 1135 707 δ’
1159 638 1311 725 ι’σοπαλὴς
1331 636 1452 718 totum,
1577 654 1578 733 1

339 745 552 823 μᾶλλονδ
533 770 551 825 η
586 749 651 809 τῶν
674 750 845 814 Σκυθῶν’
830 748 968 876 οπιφρρτὶ
999 747 1208 830 προτεροῦσα,
1235 743 1335 826 χωρίς
1356 734 1453 824 ἥττης
1577 756 1578 827 1

340 847 479 925 θατίρου
503 847 568 908 τῶν
585 845 892 961 ρ’ντιτετυγμίνων’
871 851 924 911 on'
954 844 1098 930 υἷλλὴλων
1118 840 1229 928 εδθιίς,
1251 864 1359 924 ωσπερ
1382 837 1449 902 α’πό
1577 830 1578 871 l

340 937 600 1027 συνθήματος,
578 969 656 1010 ανευ
679 952 822 1033 διωγμοῦ
842 947 898 1013 καί
919 949 1022 1033 φυγῆς
1045 939 1282 1029 ἀπηλλάγησαν.
1461 944 1480 996 5

431 1037 531 1129 Εγνω
553 1047 658 1164 τοίνυν
679 1047 695 1111 6
718 1050 872 1130 βασιλεδς
894 1044 1112 1132 npoo6p'xqv’
1097 1045 1269 1157 ρμποιῆσαι
1286 1045 1325 1130 τῇ
1345 1066 1452 1124 στρα-

342 1151 397 1238 τιρῖ
418 1144 472 1212 διὰ
497 1150 559 1212 τῶν
579 1142 667 1213 tem
696 1149 861 1233 ταγμάτων
882 1153 936 1212 καί
959 1142 1040 1212 οὕτω
1068 1170 1126 1229 epu
1148 1141 1309 1228 Σκυθικήν
1331 1164 1452 1224 κατερ-

342 1251 505 1333 γάσασθαι
530 1254 734 1331 παντευχιᾛαν
778 1246 957 1332 διαβιβάζει
972 1252 1074 1312 τοινυν
1094 1247 1138 1320 ε
1161 1243 1317 1330 E6pu'm7v
1340 1245 1453 1325 διττῆς

336 1350 447 1425 Ἀσίας
465 1347 538 1424 τούς
557 1353 828 1431 στρατευομένους
848 1350 1046 1471 πασσυδίρι,
1049 1350 1104 1413 καί
1126 1343 1389 1418 πολυπλασιδσας
1412 1338 1450 1407 τδ
1577 1338 1578 1427 1

339 1452 459 1533 πλῆθος
480 1458 544 1523 τοῖς
564 1447 706 1525 Σκύθαις
729 1445 941 1535 ἐπαφῆκεν,“
925 1452 1005 1530 ομοῦ
1026 1447 1167 1533 α’ργνγὸν
1188 1446 1297 1521 ου’τοῖς
1318 1439 1502 1562 ἐπιρενγ-λθ
1577 1400 1578 1493 l

339 1574 399 1625 σας
421 1547 575 1629 ειίνοῦχόν
595 1571 668 1612 τινα
690 1551 752 1612 τῶν
773 1548 963 1631 ἱερωμένων,
986 1550 1028 1635 τῷ
1052 1551 1108 1614 τοῦ
1132 1544 1288 1665 ρῖκτωρος
1310 1542 1451 1630 τιμήσας

340 1647 442 1714 αιίτὸν
465 1647 632 1729 α’ξιαίματι.
677 1642 712 1722 ὃς
733 1649 791 1722 τὰς
808 1649 962 1767 δρντίμεις
979 1647 1145 1729 α’ναλαβοδν
1164 1643 1242 1711 κατδ
1267 1670 1330 1710 των
1352 1647 1452 1710 drov-
1577 1664 1578 1725 1

339 1753 413 1815 τίων
433 1746 530 1829 ὄμοσε
550 1757 669 1833 χωρεῖ·
713 1747 768 1813 κατ’
788 1746 848 1833 πρδ
871 1751 929 1814 τοῦ
952 1749 1080 1867 χρὶραιια
1101 1753 1212 1829 βαλεῖν
1233 1747 1288 1811 καί
1293 1766 1452 1827 στρατσ-

340 1846 560 1914 πεδεδσασθαι
582 1873 635 1912 και
632 1847 780 1930 βουλδις
801 1849 1011 1968 ρτραεηγινὰς
1041 1853 1211 1935 προλαβεῖν
1242 1871 1294 1910 και
1291 1848 1450 1926 συμβα·
1577 1872 1578 1947 1

341 1955 406 2015 λεϊν
428 1946 467 2012 τὰ
495 1947 708 2033 προσήκοντα,
739 1947 816 2014 κατὰ
845 1952 989 2029 μέτωπον
1012 1958 1078 2025 τοῖς
1104 1952 1277 2028 ἐναντίοις,
1314 1941 1358 2019 ric
1379 1939 1505 2026 είχελὸ
1577 1952 1578 2053 1

341 2049 461 2167 φρρτου
484 2050 541 2114 καί
560 2054 718 2168 ρυσνεοῆς
742 2052 965 2132 α’γσραστινῆς,
988 2052 1197 2135 δπιφαινεται,
1217 2044 1366 2112 σπεύδων
1386 2045 1455 2107 ατί-
1577 2100 1578 2157 1

339 2251 396 2312 τοῦ
418 2259 540 2337 φυγεῖν,
562 2274 614 2313 ναι
610 2249 860 2331 πανωλεθρίαν
880 2250 998 2314 τούτων
1014 2246 1271 2335 ἐργάσασθαι,’
1248 2272 1291 2323 ως
1314 2249 1343 2311 δ’
1367 2248 1453 2312 ἐκεῖ·

341 2372 389 2415 νοι
412 2354 714 2433 περιτετειχισμένον
735 2357 804 2424 ταῖς
827 2345 964 2430 ἆμιίξαις
994 2351 1049 2436 τὴν
1074 2346 1190 2435 ἔφοδον
1214 2343 1320 2413 αὐταῖν
1341 2348 1454 2424 ε’ξεδί-

339 2472 445 2534 χοντο,
468 2450 579 2537 δρόμῳ
602 2447 658 2531 καί
677 2452 739 2535 βσῇ
761 2452 861 2536 πολλῇ
882 2452 921 2537 τῇ
940 2451 1126 2536 παρεμβολῇ
1144 2448 1264 2515 τούτων
1286 2451 1350 2513 ταῖν
1368 2443 1507 2512 ‘Pe-2⁰

340 2144 393 2224 τός
414 2172 446 2212 τε
467 2174 519 2212 και
544 2146 573 2213 οἱ
595 2146 656 2214 οὖν
678 2151 766 2235 calep
753 2152 969 2230 καταλαβεῖν
992 2147 1064 2225 τοὺς
1088 2150 1367 2230 ἀντιτεταγμένους
1386 2142 1450 2228 πρδ

270 2574 273 2581 ’
307 2580 310 2585 ’
339 2552 465 2631 μαϊκῶν
483 2552 656 2638 φαλάγγων
677 2553 760 2625 τινὲς
779 2555 985 2635 προσέβαλον.
1029 2548 1059 2614 ot
1083 2553 1118 2615 dd
1137 2556 1263 2634 βέλεσιν
1285 2546 1455 2632 ἑκηβόλοις

339 2650 630 2735 χρησάμενοι,καί
662 2650 738 2727 τοδς
768 2653 885 2727 ἵππους
906 2652 1011 2717 actm
1034 2658 1166 2738 πληγαῖς
1196 2648 1454 2737 θορυβήσαντες,

416 2827 458 2879 ll.
483 2824 690 2901 ῥαίκτωροςῦ.
802 2828 842 2885 14
862 2828 1039 2903 προβαλεῖνλ
1151 2831 1195 2884 21
1215 2832 1399 2902 προσέλαβον
1416 2828 1451 2884 G·

341 2994 469 3051 barbaros
487 2999 587 3050 ducere
606 3001 752 3052 exercitum
768 3016 915 3069 pugnacem
934 3012 961 3055 et
980 3019 1038 3055 cum
1058 3002 1102 3056 hic
1121 3003 1296 3055 convenisset
1314 3010 1342 3055 et
1360 3002 1454 3055 boati-

269 3114 273 3123 ,
342 3067 392 3121 buc
411 3085 441 3123 re
446 3072 632 3137 opposuisset
656 3087 764 3140 pugnae
788 3075 930 3124 continuae
955 3090 1062 3142 quoque
1086 3076 1130 3127 die
1158 3074 1278 3138 debant,
1299 3090 1359 3125 curn
1378 3088 1455 3125 nunc

343 3138 380 3205 hi,
395 3140 518 3194 nuncilli
534 3151 763 3209 praeoccuparent
782 3145 929 3195 victoriam.
969 3161 1026 3195 eum
1047 3153 1134 3197 eutem
1153 3161 1201 3212 par
1219 3146 1369 3209 uideretur,
1389 3146 1456 3197 eive

343 3179 431 3279 polius
452 3212 608 3279 Scytharum
623 3216 736 3297 impetur
754 3217 876 3282 superior
894 3217 953 3266 aine
972 3215 1048 3267 clade
1067 3216 1177 3268 ulterius
1197 3219 1382 3283 oppositurum
1401 3232 1457 3283 per

343 3283 466 3345 alterum,
486 3287 575 3336 atatim
594 3287 669 3369 quari
690 3286 767 3352 cigno
786 3287 847 3336 dato
867 3287 925 3337 eine
944 3288 1134 3353 perseeutione
1155 3296 1181 3338 et
1201 3288 1265 3355 luga
1285 3288 1422 3339 abierunt
1577 3342 1578 3349 ,

448 3354 545 3407 Statuit
570 3358 652 3422 igitur
676 3372 725 3407 rex
750 3358 931 3408 accessionem
958 3359 1048 3410 lacere
1075 3360 1205 3409 exercitui
1232 3373 1281 3424 per
1300 3358 1456 3410 orientale·
1500 3404 1504 3413 .

343 3424 462 3490 ordiner,
491 3435 518 3478 et
543 3428 578 3478 ita
605 3425 762 3492 Scytharum
789 3426 926 3478 debellare
951 3428 1094 3481 militarem
1121 3431 1321 3485 incurrionem.
1348 3430 1458 3481 traiicit

342 3498 426 3564 igitur
450 3498 477 3548 in
503 3498 635 3564 Europam
661 3512 694 3547 ex
719 3497 783 3548 Aria
807 3498 951 3549 militanter
978 3503 1047 3550 omni
1075 3518 1133 3552 eum
1160 3503 1187 3552 vi
1215 3510 1242 3552 et
1266 3500 1456 3568 multiplicans

341 3568 537 3619 multitudinem
564 3568 672 3633 Scythis
698 3568 806 3619 immisit
835 3568 911 3619 aimul
940 3570 1067 3621 ducern'
1060 3574 1093 3623 ria
1122 3573 1262 3638 imponens
1298 3572 1457 3624 eunuchum

343 3640 474 3705 quendam
512 3640 672 3691 elericorum
707 3640 820 3690 rectoria
850 3637 983 3691 honorans
1023 3657 1082 3693 eum
1118 3644 1258 3710 dignitate.
1308 3645 1354 3711 qui
1389 3645 1458 3711 qui-

343 3709 402 3758 dem
423 3709 526 3759 viribus
549 3711 667 3776 receptio
690 3726 749 3760 eum
776 3709 896 3761 hortibus
925 3714 1112 3778 congreditur,
1141 3722 1168 3764 et
1191 3723 1335 3783 antequam
1361 3717 1457 3765 muni.

342 3778 431 3828 tiooea
450 3779 553 3828 iaceret
572 3788 599 3830 et
617 3787 703 3831 caetra
722 3790 836 3847 poneret
856 3789 883 3831 et
901 3782 1014 3834 concilia
1033 3784 1159 3836 militaria
1179 3787 1304 3854 exigeret
1322 3794 1349 3839 et
1369 3785 1458 3837 colli-

342 3854 421 3914 geret
439 3851 610 3912 neceaaaria,
638 3865 652 3900 a
673 3851 761 3902 lronte
781 3852 900 3903 hortibus
924 3859 954 3903 ut
972 3855 1115 3907 instruetur
1136 3865 1194 3907 crat
1213 3872 1298 3908 onere
1319 3865 1347 3908 et
1367 3872 1460 3925 eppa

342 3924 402 3968 ratu
423 3925 544 3981 coemto,
572 3928 683 3983 apparet
706 3922 813 3974 studens
834 3924 936 3990 etipse
956 3933 983 3976 et
1006 3928 1050 3994 qui
1078 3942 1137 3978 cum
1168 3943 1201 3978 co
1221 3935 1298 3979 erant
1317 3943 1460 3997 occupare

344 3987 500 4053 opperitur,
526 3988 679 4069 prinsquam
708 3990 852 4057 lugerent,
878 4001 905 4044 et
923 3994 1024 4046 cladem
1044 4014 1169 4049 summam
1191 3998 1286 4050 horum
1307 4001 1459 4052 conticere.

344 4072 404 4108 curn
423 4064 511 4107 autern
540 4056 583 4108 illi
602 4058 684 4107 cincti
713 4061 833 4113 curribus
862 4066 987 4130 impetum
1014 4083 1105 4119 eorum
1132 4072 1299 4136 exciperent,
1326 4086 1410 4123 curru
1432 4080 1462 4123 et

344 4128 463 4179 clamore
488 4127 573 4178 multo
599 4135 686 4179 caetra
715 4128 804 4180 harum
830 4132 988 4187 Graecarum
1017 4138 1179 4222 ρλιιλοιιριιυι
1206 4140 1357 4193 nonnullae
1376 4142 1463 4195 cimul

343 4212 490 4270 eggremao
508 4207 578 4250 aunt
617 4197 659 4249 illi
679 4208 766 4250 autem
785 4202 892 4255 iaculir
887 4208 1000 4259 eminua
1015 4211 1057 4260 nai
1077 4219 1103 4264 et
1123 4226 1207 4281 equor
1229 4212 1423 4267 verberibus
1414 4232 1464 4267 ru·
1577 4214 1578 4273 l

343 4273 474 4337 citantor,
498 4271 612 4338 turpiter
640 4268 690 4324 hoa
714 4270 810 4341 lugere
829 4286 990 4345 coegerunt,
1014 4290 1129 4336 carente
1154 4282 1249 4336 luorum
1276 4298 1404 4355 quoque,
1425 4303 1464 4340 uo
