3222 5000
270 326 276 331 ’
362 358 412 434 ιι
663 352 882 427 armanus
912 343 1170 419 ominosas

363 524 521 611 γινόμενοι
542 525 606 590 τῶν
627 523 826 600 antestes,
859 515 893 583 εἴ
909 538 982 581 ποτε
1015 508 1096 595 πρὸς
1126 506 1215 593 δίκην
1238 506 1351 581 αὐτοῖς
1373 526 1466 570 αντε·

363 625 550 709 uitiandas,
575 622 629 688 διδ
663 626 720 705 τῆς
743 615 995 703 τῶνκτημοὶτων
1023 610 1079 677 καί
1108 603 1281 695 χρημάτων
1312 604 1467 691 ἐπιρροῆς

364 724 418 791 καί
438 729 493 789 τοῦ
517 727 570 797 dni
592 723 718 800 τούτοις
740 716 988 805 α’λοροθετήτοσς
1020 714 1239 779 καθίστασθαι
1268 710 1323 770 κατ’
1347 708 1467 770 sinodo·

363 830 423 910 χῆς
447 818 615 905 α’ξιοῦσθαι
638 826 789 898 νικῶντας
810 818 884 895 roric
914 819 1158 899 ἀντιβαίνοντας.
1201 813 1257 875 καί
1276 806 1291 873 ὃ
1312 806 1468 891 δημόσιος

310 938 318 943 ’
365 931 495 1000 πολλοῖς
513 927 625 1009 χερσίν
645 923 818 1009 ἐπαφιέναι
839 918 879 984 τοὶ
907 913 1024 982 ἑαυτοῦ
1048 913 1234 994 πολυμερῶς
1255 904 1494 986 assederint-5

365 1050 418 1102 νος
433 1010 617 1109 προσθῆκην
647 1026 778 1103 ε’δέξατο
812 1019 866 1085 καί
886 1013 1084 1102 παραψυχὴν
1113 1012 1152 1075 σί
1188 1009 1337 1093 μετρίαν,
1363 1008 1397 1070 έν
1418 995 1467 1080 οἷς

308 1193 310 1196 e
365 1119 492 1210 ἓτέρσνς
513 1127 621 1201 ποσῶς
640 1123 708 1188 ov’d’
731 1121 921 1206 ἐλωβήσατο.

466 1219 543 1308 Εἶχε
571 1228 631 1307 μέν
663 1220 745 1289 οὕτω
767 1220 807 1285 τά
841 1223 981 1302 πρακτέα
1016 1220 1060 1304 τῷ
1079 1218 1226 1298 βασιλεῖ,
1256 1210 1311 1276 καί
1338 1217 1469 1291 συνεῖχε
1511 1202 1528 1223 ⁰

365 1330 473 1394 τοῦτον
493 1330 532 1414 τῇ
549 1328 692 1407 βασιλίδι
721 1327 785 1388 τῶν
807 1322 929 1386 πόλεων
950 1316 1002 1383 διδ
1024 1315 1082 1400 τὴν
1113 1320 1176 1380 reis
1196 1313 1385 1397 δγχιθιῖροτν
1405 1334 1470 1373 κα-

367 1426 534 1494 τάστασιν.
561 1423 641 1490 sorel
662 1427 698 1488 δέ
719 1420 775 1488 τὸν
798 1421 897 1486 ατίτὸν
919 1417 1031 1502 καιρὸν
1052 1416 1206 1499 ἐπαρθείς
1228 1412 1245 1478 δ
1268 1409 1471 1495 πατριάρχης
1481 1430 1518 1485 10
1587 1450 1588 1491 ἦ

368 1521 416 1604 οἷς
438 1528 705 1610 πεπροτερηκέναι
731 1523 893 1602 ὑπέλαβε,
924 1522 978 1584 καί
996 1521 1105 1599 μεῖζον
1138 1511 1160 1599 ἢ
1181 1513 1262 1579 κατα
1286 1511 1345 1596 τὴν
1368 1507 1473 1575 asinoe*

369 1625 462 1705 α’ξίαν
496 1622 550 1689 dna*
577 1627 639 1688 ruis
669 1618 751 1690 ὅλων
782 1625 931 1706 γενέσθαι
965 1620 1126 1700 οἰόμενος,
1157 1616 1213 1681 καί
1240 1614 1408 1699 θαρρήσας
1431 1613 1474 1698 τῇ

368 1728 428 1792 τοῦ
455 1728 643 1809 κρατοῦντος
675 1727 799 1812 estorp,
832 1720 981 1795 πολλάκις
1002 1722 1114 1784 τοῦτον
1143 1722 1238 1783 τινοδν
1258 1711 1475 1798 βπιχειρημά-
1587 1802 1588 1813 ¹

369 1849 431 1890 των
462 1824 507 1908 μὴ
537 1818 712 1890 δοκούντων
735 1823 826 1912 adipi
847 1822 1046 1904 α’νεχαίτιζι,
1067 1822 1141 1884 ποτέ
1169 1821 1230 1899 μέν
1250 1812 1404 1898 πατρικήν
1426 1814 1476 1878 εἰ·

370 1926 476 2008 ca'yooo
503 1924 650 1989 διάθεσιν
680 1922 735 1989 καί
768 1927 970 2008 παραίνεσιν,
999 1923 1072 1985 ποτέ
1110 1923 1138 1984 δ’
1160 1912 1381 2000 έπιτιμρτικὴν
1409 1940 1474 1979 πα·
1487 1927 1522 1980 15

372 2028 540 2111 poyyelr'oo
571 2021 628 2089 καί
663 2020 865 2109 α’πειλητικὴν
902 2021 1010 2096 α’κοαῖς
1054 2017 1331 2109 έκδεδιῃτημέναις
1376 2017 1478 2079 έτιαί-

371 2149 437 2202 νοις
460 2125 515 2191 καί
535 2129 704 2211 προσηνέσι
732 2125 837 2208 λόγοις
859 2128 914 2188 καί
938 2122 1179 2205 inanescens,
1201 2119 1244 2196 ὥς
1266 2122 1320 2183 καί
1336 2116 1391 2182 τὸν
1410 2122 1477 2199 βα.
1525 2198 1529 2211 λ

373 2231 463 2295 σιλέο
489 2227 565 2292 κατὰ
588 2225 704 2312 μικρὸν
734 2221 1016 2306 ἐκπεπολεμῶσθαι
1048 2222 1104 2287 καί
1134 2225 1302 2306 παροινίαν
1323 2218 1480 2303 ἡγεῖσθαι

372 2326 528 2412 τὴντέως
549 2333 747 2411 παραίνεσιν.
801 2325 839 2388 οὗ
866 2321 965 2389 πολίιν
988 2325 1023 2389 δέ
1046 2319 1162 2405 χρόνον
1188 2318 1302 2387 τούσδε
1322 2317 1400 2394 τούς
1420 2316 1482 2382 λό-

374 2451 449 2513 γους
470 2429 656 2510 δπενεγκών,
679 2424 759 2510 ἔγνω
780 2429 891 2490 τοῦτον
923 2419 965 2498 ὥς
997 2418 1261 2506 κατεπαιρόμενον
1278 2414 1391 2484 τούτου
1415 2433 1528 2488 stc-tto

372 2534 525 2612 ταβαλεῖν
553 2527 751 2613 δβασιλεδς,
776 2529 831 2591 καί
863 2528 924 2591 τῶν
945 2521 1122 2621 ’ἱερατικιβν
1141 2521 1185 2598 ὥς
1206 2517 1418 2604 δπεροπτικιὶν
1443 2524 1482 2586 ds

373 2632 473 2713 μέσον
495 2630 646 2708 καθάπαξ
680 2635 845 2714 περιελεῖν,
867 2626 922 2691 καί
942 2630 1051 2691 τοῦτον
1079 2623 1135 2689 τὸν
1159 2619 1277 2706 τρίπον
1304 2623 1483 2706 διαδρᾶναι

447 2813 492 2865 21.
511 2825 545 2863 an
565 2811 750 2886 δπερδπτρνλ

379 2982 507 3049 tuoitate,
533 2998 592 3036 cum
615 2984 741 3053 pretiosis
766 2992 793 3037 et
810 2984 952 3038 multorum
971 2983 1130 3037 talentorum
1148 2983 1363 3054 possessionibus
1382 2991 1415 3035 ut
1432 2999 1483 3036 sua

378 3054 564 3124 relinquerent
581 3053 644 3109 illos
663 3055 786 3109 monaehi
806 3066 953 3126 cogerent,
972 3053 1172 3108 insatiabilitate
1191 3054 1242 3107 iam
1260 3063 1434 3123 aegrotantes
1454 3063 1484 3107 et

379 3129 407 3179 in
425 3126 544 3179 habitum
565 3128 773 3196 perturbationis
793 3128 855 3180 iacti
876 3136 902 3178 et
920 3129 1072 3195 superiores
1093 3129 1243 3191 contrariis,
1262 3128 1285 3179 si
1305 3127 1412 3195 qnando
1432 3127 1483 3178 lite
1525 3152 1532 3160 ·

377 3200 411 3252 iis
430 3198 554 3267 impliciti
568 3208 667 3262 essent,
686 3201 884 3267 possessionum
904 3207 931 3249 et
949 3199 1100 3250 divitiarum
1119 3198 1243 3249 confluxu
1263 3206 1290 3249 et
1310 3199 1372 3267 qnia
1392 3200 1420 3249 in
1440 3198 1483 3248 his

377 3287 394 3324 a
410 3270 559 3324 rationibus
585 3271 725 3322 reddendis
750 3274 878 3323 immunes
905 3279 980 3321 erant
999 3278 1025 3321 ct
1043 3278 1154 3337 accepto
1174 3269 1318 3339 dignabunt
1337 3271 1483 3321 vincentes

379 3342 535 3394 contrarios.
573 3350 653 3411 atque
672 3342 751 3393 fiscus
761 3343 884 3409 publicus
907 3341 997 3393 multis
1015 3341 1134 3393 manibus
1153 3343 1274 3393 emittere
1293 3357 1340 3392 sua
1361 3342 1389 3392 in
1408 3340 1484 3392 mul.

378 3415 413 3465 tis
433 3412 551 3480 partibus
571 3420 681 3465 coaetus
700 3416 882 3467 accessionem
901 3414 1006 3480 aceepit
1026 3420 1053 3464 et
1071 3413 1187 3465 lenimen
1205 3428 1260 3464 non
1281 3412 1433 3478 modicum,
1455 3414 1484 3463 in

380 3484 475 3554 quihus
494 3484 553 3536 aliis
572 3501 606 3536 ne
631 3485 739 3536 minimo
759 3485 863 3551 quidem
882 3485 960 3535 modo
979 3487 1079 3536 noeuit.

479 3555 599 3608 Habebat
617 3558 654 3607 ita
673 3571 742 3624 quae
761 3570 776 3605 a
794 3570 859 3623 rege
878 3564 937 3606 octa
956 3563 1103 3620 erant,'et
1122 3556 1276 3608 continebat
1294 3555 1365 3606 hunc
1384 3557 1413 3607 in
1432 3572 1480 3607 re.

380 3628 558 3697 pinaurbium
577 3636 686 3696 propter
705 3627 873 3679 finitimorum
891 3628 1071 3693 positionem:
1091 3629 1162 3679 circs
1181 3629 1250 3678 idern
1269 3635 1358 3678 autem
1378 3634 1484 3694 tempus

382 3698 468 3750 elatus
487 3698 637 3765 patriarcha
656 3699 751 3768 quibus
770 3698 894 3765 superior
912 3697 996 3750 iactus
1016 3712 1076 3751 esse
1094 3698 1144 3751 sihi
1166 3698 1322 3763 videbatur,
1351 3707 1378 3750 et
1396 3702 1486 3768 magis
1587 3708 1588 3745 ;

383 3783 458 3836 quarn
476 3783 524 3836 pro
544 3785 592 3822 sua
610 3772 740 3839 dignitate
758 3770 864 3822 summis
884 3784 914 3820 sc
932 3784 1057 3837 praeesse
1084 3778 1178 3838 putans
1199 3778 1225 3822 et
1243 3773 1377 3822 animosus
1395 3772 1487 3838 impe.

384 3840 479 3889 ratoris
498 3838 689 3892 benevolentia
707 3858 787 3909 saepe
808 3840 877 3891 huno
898 3840 931 3891 ab
950 3842 1078 3908 inceptis,
1099 3857 1167 3908 quae
1186 3843 1236 3894 sibi
1254 3858 1308 3894 non
1327 3842 1487 3909 placerent,

383 3908 525 3971 retinebat,
545 3910 674 3962 interdura
694 3921 829 3978 paternam
848 3910 976 3963 adhibens
995 3913 1196 3979 dispositionem
1216 3922 1243 3964 et
1257 3913 1491 3977 exhortationem,
1587 3910 1588 3981 i

384 3979 514 4031 interdum
539 3981 756 4047 reprehensionis
777 3984 897 4034 nuntium
917 3991 944 4034 et
961 3984 1088 4034 minarum
1107 3985 1215 4037 auribus
1235 3986 1368 4053 corruptis
1387 3984 1491 4037 lauda·
1587 3984 1588 4047 l

384 4050 501 4107 tionibus
521 4058 548 4100 et
560 4050 650 4101 verbis
661 4051 765 4103 blandis
779 4061 858 4121 atqua
878 4054 1030 4119 humilibus,
1050 4056 1086 4106 ita
1105 4063 1133 4106 ut
1152 4057 1229 4107 etiam
1249 4072 1298 4108 res
1316 4072 1404 4125 paene
1422 4057 1492 4108 bel-

384 4122 438 4175 lum
458 4129 593 4190 pateretur
612 4129 639 4172 et
658 4121 867 4175 exhortationem
886 4128 1072 4191 sempiternam
1090 4127 1200 4179 heberet
1209 4128 1493 4195 turpitudinemrnon

384 4195 493 4249 multum
513 4202 599 4245 autem
618 4201 721 4260 tompus
740 4195 787 4245 has
807 4198 941 4247 orationes
961 4197 1065 4260 serens,
1091 4200 1182 4250 statuit
1201 4214 1249 4250 ren
1268 4198 1338 4251 huuc
1358 4208 1388 4251 ut
1406 4214 1495 4269 supra

385 4284 415 4325 se
434 4274 552 4321 erectum
569 4265 706 4331 deiicere,
736 4274 762 4319 ct
779 4268 945 4320 sacerdotum
971 4269 1046 4338 quasi
1065 4269 1215 4338 superbiam
1235 4287 1250 4322 e
1268 4270 1358 4323 medis
1376 4272 1494 4323 omnino
