3168 4988
605 311 812 378 maroam.
984 286 987 291 ’
1186 299 1259 375 ato

162 466 186 557 ἢ
219 472 274 538 καὶ
303 474 615 557 προσεπιμάννυσθαι
639 479 704 546 τοῖς
730 464 812 535 σάτα
842 471 1016 552 δρωμένοις
1050 470 1261 564 α’συμπαθάς.

164 566 270 657 ὄρεξις
301 575 362 658 γάρ
391 576 475 639 εὀτιν
506 567 739 656 άντιλυπήσεως
763 570 779 632 ὁ
804 565 923 653 θυμός·
968 566 1045 652 ἡδὲ
1076 561 1177 651 ὄρεξις
1205 571 1264 663 δυ·

166 678 294 757 αχεράς
314 678 348 737 ἐκ
371 676 430 739 τοῦ
451 675 624 757 προχείρου
648 667 917 762 κατακοιμιξεται.
962 669 1016 734 διά
1038 670 1128 734 τοῦτο
1153 672 1207 735 καί
1222 674 1266 758 τῷ

165 776 222 858 τῆς
244 773 338 860 ὀργῆς
361 771 488 862 α’κράτιρ
509 771 786 856 χαλιναγωγιάνὸ
819 769 920 858 σοφὸς
946 765 1153 853 αάτοκράτωρ
1178 768 1265 835 τάνδε

138 871 226 949 στάν
249 874 345 955 νόμον
367 867 555 957 τιθέμενος,
578 873 636 956 την
659 876 714 955 τῆς
733 868 889 956 τιμωρίας
911 871 1080 952 άνεβάλετο
1112 865 1289 963 ἔκβασιν,ι

167 973 229 1050 ἕως
252 966 292 1039 ds
313 972 330 1036 ὅ
353 971 458 1053 θυμὸς
483 976 527 1059 τῷ
558 974 763 1053 βασιλεύοντι
791 975 958 1057 πεπανθῇ,
990 971 1265 1053 τριακονθημέρου

166 1078 395 1158 προβαίνοντος
417 1072 650 1155 διαστήματος·
694 1071 748 1136 καί
759 1076 937 1157 τηνικαῦτα,
958 1073 989 1137 εἰ
1000 1074 1059 1154 μὲν
1079 1066 1165 1145 ἔλεος
1181 1070 1269 1159 αὐτῷ

167 1169 191 1259 ἢ
209 1175 386 1256 μετάμελος
406 1174 533 1261 εἰσέλθῃ
556 1176 614 1236 τοῦ
631 1172 689 1257 την
711 1169 885 1258 κεφαλικην
906 1174 1077 1253 δεξαμένου
1101 1170 1266 1254 α’πόφασιν

167 1269 364 1340 εἶναιτοῦτο
386 1275 467 1338 θεοῦ
499 1271 554 1336 καί
577 1271 683 1353 μένειν
710 1271 763 1337 τάν
786 1264 956 1356 άνθρονπον
978 1272 1076 1355 άθιγῆ
1089 1300 1119 1352 4·
1134 1267 1212 1345 ἴσως
1232 1271 1294 1339 dtr.
1308 1281 1361 1338 283
1375 1298 1398 1337 r.

120 1394 158 1449 10
168 1378 226 1439 sai
247 1372 357 1440 daedi
383 1378 482 1437 ποθεν
502 1374 745 1456 εὑρισκόμενον·
778 1376 809 1437 ει’
832 1375 860 1436 δ’
883 1366 953 1453 οὖν,
969 1370 1039 1437 τότε
1060 1370 1268 1457 πεπληροφά-

168 1480 306 1561 ρημδνον
325 1470 408 1542 εἶναι
430 1474 464 1539 τά
490 1480 639 1558 πράημα,
671 1473 714 1551 ὥς
733 1472 804 1539 ἔπες’
822 1496 880 1557 περ
904 1467 997 1538 oridia
1019 1499 1050 1538 τι
1085 1469 1270 1537 καταδυσά-

169 1600 269 1662 πησεν
290 1576 307 1638 o‘
327 1572 445 1659 χρόνος
469 1572 521 1638 τὸν
542 1574 719 1660 ἀνάκτορα,
739 1579 794 1639 καὶ
819 1573 900 1650 θεός
914 1576 960 1650 εἰς
980 1572 1014 1638 τά
1039 1571 1141 1648 πάθος
1167 1572 1270 1635 ου’τοά

169 1678 425 1762 συμψηφλζεται.
470 1677 501 1741 εἰ
521 1673 582 1759 γάρ
606 1677 639 1739 ε’ν
671 1679 713 1764 τῷ
736 1675 930 1762 παφλάζοντι
951 1679 1006 1758 τῆς
1030 1672 1125 1759 ὀργῆς
1148 1675 1270 1753 δέξεται

167 1783 230 1858 μὲν
253 1770 422 1857 άνθραπος
445 1768 668 1861 θανατηφόρον
691 1773 812 1859 πληγην
830 1770 856 1858 εἲ
877 1772 987 1857 χειράς
1009 1772 1144 1856 ἐκτομὴν
1166 1767 1188 1857 ἢ
1209 1772 1272 1859 ὀφ-

123 1881 304 1957 caesapon
327 1875 477 1960 ε’κκοπὴν,
509 1876 634 1949 άνεθεῖς
665 1879 700 1940 δὲ
723 1879 777 1959 τῆς
807 1876 903 1959 α’ργῆς
937 1871 1068 1959 ὕστερον
1100 1873 1116 1936 δ
1149 1874 1273 1959 spurcis

166 1975 346 2060 μετάμελον
364 1979 472 2060 ἕληται
501 1976 556 2039 καί
576 1976 634 2058 την
655 1976 821 2060 α’πόφαοιν
840 1975 1099 2040 ἀνακαλέσασθαι
1119 1975 1275 2061 βουληθῇ,

169 2083 217 2155 τίς
240 2076 259 2161 ἦ
282 2079 337 2142 τοῦ
365 2077 545 2158 μεταμέλου
574 2076 731 2161 οδφελειας
761 2082 841 2151 τινες
863 2078 891 2139 δ’
915 2074 1054 2159 ἒριννάες
1081 2075 1276 2159 μεταμελητά

168 2183 227 2245 νιαί
258 2176 312 2243 τόν
334 2176 491 2258 κολαστὴν
521 2177 579 2242 ουίι
602 2176 771 2256 ἐλάσσοσις
801 2182 876 2243 ποιά
900 2178 935 2240 δὲ
967 2177 1022 2241 κατ’
1046 2174 1099 2241 τάν
1128 2173 1275 2240 παθόντα

172 2279 258 2364 λύπη
280 2280 320 2342 ου’
340 2280 536 2360 διαδέξεται,
570 2272 619 2344 δἐι
641 2277 717 2361 πρὸς
745 2278 802 2363 τήν
830 2277 1001 2361 αἰάκλησιν
1025 2266 1277 2362 άπερράπισεαιξ

125 2386 277 2464 wandra
309 2371 365 2444 οὖν
394 2379 411 2444 ά
448 2377 600 2461 βασιλεάς
629 2381 878 2467 μεγαλοφρόνως
913 2375 1195 2460 κατασκεψάμενος
1224 2378 1278 2443 καὶ

173 2481 360 2566 προσθήκην
395 2481 480 2546 λδιάν
509 2483 549 2566 τῇ
573 2482 670 2570 νεαρρῖ
691 2481 789 2568 ταύτῃ
813 2480 1090 2565 προοανεμάξατο,
1122 2476 1277 2556 συντάξας

173 2586 209 2648 ἐν
230 2580 315 2669 crispi
337 2584 389 2646 iro
416 2579 498 2663 μετά
530 2582 585 2665 την
618 2584 890 2665 τριακονθήμερον
914 2578 1190 2663 δπομιμνὴσκηται
1210 2577 1276 2642 πά·

174 2689 226 2748 λιν
247 2682 263 2748 o‘
284 2685 451 2763 βασιλεύς,
471 2680 526 2747 καὶ
541 2677 625 2747 σάτα
648 2680 684 2747 τά
700 2687 798 2766 πέρας
819 2683 1011 2767 άποτελῆται
1033 2677 1278 2767 {insumpsisset

174 2785 233 2867 τῆς
255 2780 458 2866 άποφάσειος.
1139 2784 1148 2791 ’

250 2908 294 2973 λ’δ.
314 2920 493 2975 ἀποτελεῖται
513 2916 531 2984 ἢ
552 2918 779 2992 conopeum&

177 3068 276 3136 cupido
296 3066 365 3119 enim
386 3074 427 3118 est
443 3065 624 3121 ultionisira:
644 3067 740 3135 cupido
760 3073 846 3119 autem
861 3081 943 3135 aegre
963 3068 990 3120 in
1005 3075 1108 3134 promtu
1128 3068 1279 3136 exstingai.

178 3149 238 3192 tar:
260 3146 405 3206 propterea
433 3138 513 3190 etiam
537 3139 594 3190 irae
620 3139 758 3206 impotenti
785 3138 888 3190 frenum
914 3139 1021 3206 sapiens
1048 3140 1192 3206 imperator
1211 3138 1279 3191 hanc

177 3209 268 3278 legem
293 3210 433 3277 imponens
459 3224 564 3276 poenae
582 3210 684 3263 distulit
711 3210 829 3273 exitam,
855 3211 941 3263 donec
969 3212 1008 3262 ira
1036 3211 1094 3279 regi
1113 3210 1280 3278 mitigaretur

178 3282 290 3405 λιίρίαλα
316 3282 417 3333 dieram
443 3282 633 3350 progrediente
658 3284 760 3349 spatio:
786 3290 867 3352 atque
895 3290 950 3334 tum
968 3284 990 3333 si
1017 3281 1199 3333 misericordia
1220 3295 1279 3332 earn

179 3367 215 3405 ve
243 3353 411 3420 poenitentia
428 3352 536 3404 invadet
561 3354 619 3405 eins
647 3356 693 3421 qni
712 3353 828 3421 capitale
847 3355 965 3421 suscepit
982 3353 1119 3418 indicium,
1149 3366 1209 3403 esse
1228 3351 1279 3403 iroc

179 3425 224 3477 dei
244 3431 271 3475 et
291 3438 398 3475 manere
418 3423 551 3475 hominem
570 3425 713 3489 intectum,
740 3426 854 3478 fortasse
874 3427 952 3477 ctiam
972 3428 1104 3478 insontem
1123 3425 1279 3476 inventum:

179 3496 223 3547 sin
245 3494 341 3559 aliter,
374 3501 427 3545 tnm
454 3504 535 3548 ratam
563 3511 714 3560 emerem,
734 3498 812 3565 qnia,
839 3497 884 3549 abi
909 3497 977 3550 nihii
996 3496 1168 3549 dubitationis
1187 3496 1281 3547 iniecit

180 3575 285 3632 tempus
313 3566 484 3632 imperatori,
510 3569 589 3619 otiam
615 3568 681 3621 deus
707 3567 778 3620 maio
805 3569 862 3621 eins
887 3570 1040 3622 assentitur.
1088 3568 1185 3619 etenim
1210 3567 1279 3618 siin

180 3636 311 3704 flagrante
329 3637 368 3688 im
386 3638 502 3704 accipiet
521 3638 599 3691 homo
616 3640 781 3692 mortiferam
793 3642 882 3707 ictum,
902 3643 962 3693 sivo
979 3655 1070 3692 manus
1088 3638 1280 3692 abscissionem

179 3708 241 3760 sire
260 3705 397 3758 oculorum
420 3710 567 3776 excidium,
586 3711 715 3765 liberatus
740 3720 828 3764 autem
846 3714 885 3765 ira
910 3722 1003 3781 postea
1020 3713 1164 3778 imperator
1181 3711 1279 3778 poeni-

181 3780 290 3831 tentiam
309 3779 444 3846 concipiat
458 3789 485 3832 et
501 3786 659 3836 sententiam
678 3792 822 3837 retractare
838 3785 920 3837 velit:
939 3800 1007 3854 quae
1031 3785 1081 3835 erit
1099 3783 1280 3851 poenitentiae

181 3846 307 3902 utilitas?
343 3865 412 3919 qnae
431 3852 517 3903 inriae
537 3869 570 3905 ex
593 3857 758 3922 poenitentia
784 3859 1074 3925 etiamtcastigatorcm
1098 3869 1151 3907 non
1179 3850 1280 3923 agenti

182 3922 270 3991 qualis
290 3922 369 3973 etism
388 3922 515 3975 afflictam
533 3927 673 3994 aegritudo
698 3942 752 3979 non
774 3930 908 3995 excipiet,
939 3929 1007 3997 quod
1033 3929 1066 3981 da
1090 3928 1280 3981 retractatione

182 4001 223 4045 est
242 3992 390 4046 deiectus?
408 3994 476 4047 haec
494 3998 577 4065 igitur
595 4015 643 4051 res
655 4001 823 4066 magnanime
842 4000 994 4055 deliberans
1016 4002 1095 4053 etiam
1113 4001 1281 4054 additaman.

181 4070 235 4116 tnm
254 4068 391 4134 proprium
410 4066 538 4122 noveiiad
556 4071 619 4125 hnic
638 4070 788 4138 adspersit,
808 4075 972 4125 constituens
989 4074 1016 4125 in
1039 4090 1082 4136 eo,
1104 4081 1133 4123 at
1151 4079 1211 4137 post
1229 4074 1281 4123 tri.

181 4139 257 4261 ginta
277 4137 333 4264 ρίαν
353 4140 526 4197 admoneatur
543 4157 633 4197 rursus
653 4158 701 4195 rex
719 4151 746 4194 et
763 4145 801 4195 ita
818 4144 878 4197 tinia
897 4145 1050 4213 perficiatur
1068 4150 1114 4194 aot
1133 4142 1281 4201 remittatur
1364 4184 1368 4191 .

182 4221 231 4263 sen
245 4225 278 4264 on
291 4224 342 4263 rae.
