3182 4986
395 334 465 407 sao
692 335 911 408 usnemun
935 278 1196 404 ominosas

494 503 675 575 Μέλλοντος
697 491 755 564 onir
780 501 838 564 τού
859 501 1016 583 βασιλέως
1039 497 1093 562 διά
1117 500 1176 562 τού
1195 497 1393 579 καλουμένου
1409 501 1500 560 πολι·
1577 496 1578 503 ’

393 608 486 688 χνίου
511 601 666 685 Κεράμου
688 598 766 686 πρὸς
787 597 844 676 τάς
866 590 971 683 ύχθας
992 601 1049 666 τού
1068 598 1248 684 Εὐφράτου
1269 599 1370 679 μέχρι
1392 599 1499 662 Μαλι-
1577 638 1578 697 ss

394 684 557 790 τηνῆςτὸν
580 702 692 766 οἰκείαν
712 699 912 784 διαβιβάζειν
924 697 1074 784 στρατόν,
1089 699 1282 785 άσύμφορον
1295 702 1395 764 πάλιν
1406 699 1498 763 τούτο
1577 704 1578 747 i

394 801 490 879 αάτάς
510 800 806 888 προπετευσάμενος
828 797 1030 888 ἐξεφάνησα,
1053 796 1096 877 οἷς
1116 800 1162 884 μὴ
1186 800 1357 881 άναγκαίον
1380 791 1416 862 ὂν
1438 799 1499 861 τάν

394 903 546 972 τοιούτων
566 905 683 988 Ι’μεροῖν
704 905 881 989 φροντιζειν
903 897 987 985 ἡμᾶς
1010 903 1290 986 προηρημωμένων
1323 891 1423 965 ὄντων
1447 899 1521 962 nsit

394 1007 634 1094 περιῃρημένον
657 1005 764 1069 πάσαν
783 1001 844 1087 την
859 1004 1032 1082 εὐκοσμίαν
1056 1003 1163 1066 αύτάν
1183 1003 1218 1066 έκ
1239 997 1408 1087 διαφόρων
1430 996 1499 1064 έπε-
1577 1052 1578 1067 i

387 1109 532 1190 δρομάν,
555 1106 612 1191 o'p'
636 1093 681 1169 ὧν
702 1103 755 1169 καί
774 1104 888 1178 σπάνις
901 1102 1041 1204 οὀλεθρία
1072 1098 1263 1186 συναντήσει
1283 1103 1338 1165 καί
1359 1100 1499 1182 κατατη-

394 1212 442 1288 ξτι
459 1204 493 1271 τύ
517 1198 712 1289 στράτευμά.
756 1202 811 1269 καί
831 1197 899 1283 ἅμα
917 1207 1059 1287 χρονίσει
1081 1200 1136 1266 διά
1152 1205 1321 1267 στενωπῶν
1339 1199 1499 1265 τοσούτων

395 1308 529 1391 βαδίσαι
547 1309 681 1388 μέλλον,
712 1308 786 1370 καθ’
818 1301 851 1369 ἓν
878 1308 941 1370 τῶν
970 1301 1149 1387 ὑποζυγίων
1179 1304 1427 1387 ἠναγκασμένων
1446 1303 1500 1365 ταί
1577 1334 1578 1369 ³

397 1408 458 1472 τῶν
480 1404 662 1490 α’νθροάπων
678 1407 876 1490 διέρχεσθαι.
919 1401 973 1468 καί
1001 1401 1115 1468 τούτου
1136 1400 1285 1485 μελήσειν
1306 1406 1433 1480 έξείπον
1453 1401 1540 1465 ei-10
1577 1424 1578 1439 ¹

397 1504 461 1591 κός,
484 1500 570 1579 ὅπως
603 1504 646 1580 nic
674 1503 812 1587 τάχιστα
844 1511 910 1579 τοίς
932 1503 1072 1568 άπαθέσι
1109 1500 1165 1565 καί
1194 1497 1242 1566 ἔτι
1270 1498 1328 1583 την
1347 1496 1504 1566 σύστασιν
1577 1496 1578 1499 '

398 1604 508 1689 ἔχουσι
530 1607 669 1684 θέμασιν
696 1605 891 1686 ἐπιστάμαν,
910 1602 1039 1667 κάκεῑνα
1065 1607 1120 1687 τῆς
1139 1603 1201 1667 τάν
1221 1598 1372 1667 ἐναντίων
1391 1602 1504 1685 διατη-

399 1704 547 1787 ρήσωμεν
575 1702 688 1787 λάβης.
730 1701 848 1787 ταύτης
865 1694 930 1777 ioris
953 1705 1007 1785 τῆς
1030 1700 1156 1786 γνάμης
1176 1703 1428 1786 κεκρατηκυίας,
1449 1698 1502 1766 διά

397 1803 452 1885 τῆς
474 1803 656 1879 Κολωνειύς
687 1800 742 1866 καί
771 1804 835 1866 τῶν
854 1801 1070 1884 Ἀρμενιακῶν
1099 1797 1251 1883 θεμάτων
1275 1805 1375 1883 μέχρι
1397 1804 1504 1883 Σεβα-
1577 1852 1578 1873 ,

399 1906 506 1977 στειάς
538 1901 555 1966 ά
583 1901 736 1986 βασιλεύς
768 1900 827 1969 σύν
853 1905 897 1992 τῷ
918 1900 1130 1985 στρατεύματι
1152 1898 1354 1986 διελήλυθεν.
1399 1903 1541 1966 aaroni
1577 1926 1578 1993 η

401 2004 436 2068 δέ
456 2001 652 2089 μεμαθηκώς
685 2002 729 2080 ολς
760 1999 791 2067 οῖ
815 2005 952 2087 Τούρκοι
985 2002 1143 2089 προῄεσαν
1178 2005 1233 2067 ε’πί
1259 1998 1421 2068 Πισιδίαν
1449 2007 1505 2067 καί
1577 2014 1578 2083 i

401 2105 588 2169 Λυκαονίαν
619 2101 800 2180 ἐλαύνοντες
833 2106 887 2168 καί
916 2101 960 2179 ὥς
989 2105 1035 2177 είς
1062 2102 1177 2168 σκοπὸν
1209 2096 1449 2183 άποτεινάμενσι
1468 2100 1502 2167 τά
1577 2112 1578 2119 ’

397 2203 534 2286 Ἰκόνιον,
558 2200 686 2294 τύρμησε
707 2209 762 2270 καί
781 2202 878 2279 αάτύς
901 2210 968 2268 κατ’
989 2203 1089 2289 ούράν
1110 2201 1256 2270 ἐλαύνειν
1278 2205 1387 2268 αύτάν
1407 2206 1506 2287 μέχρι

400 2307 455 2390 τῆς
475 2310 643 2391 λεγομένης
658 2308 713 2371 τοῦ
729 2307 903 2391 Ἡρακλέος
925 2301 1145 2386 κωμοπόλεως.
1179 2305 1378 2370 ένταύθαδὲ
1397 2327 1507 2386 μεμα-
1577 2300 1578 2327 ¹

401 2403 509 2489 θηκάς
538 2406 580 2481 τίς
610 2406 639 2471 οἱ
666 2412 801 2493 Τούρκοι
822 2405 879 2491 την
904 2408 961 2470 τού
993 2405 1122 2470 Ἰκονίου
1144 2410 1307 2470 πολιτείαν
1329 2418 1543 2487 notanter-to

401 2504 539 2586 ψάμενοι
571 2509 716 2592 χρονίσαι
737 2505 838 2595 ταύτῃ
861 2506 920 2570 ούκ
941 2508 1187 2591 άπεθάρρησαν,
1210 2502 1349 2579 δεδιότες
1370 2501 1431 2587 την
1451 2506 1507 2568 τού

401 2607 559 2686 βασιλέως
581 2614 650 2671 κατ’
672 2611 779 2673 αάτῶν
797 2606 971 2687 έπιδίωξιν,
993 2606 1177 2690 άπόμοιραν
1199 2611 1259 2687 μέν
1270 2629 1340 2671 τινα
1362 2609 1426 2670 τῶν
1446 2628 1507 2668 τα-

265 2711 351 2780 ιιοα
365 2703 533 2789 νημάτων
553 2708 598 2782 τίς
614 2711 765 2773 Κιλικίαν
780 2710 964 2795 ἐξέπεμψεν,
984 2711 1225 2794 ε’νωθησομένην
1238 2709 1281 2795 aqi
1302 2710 1360 2791 τῆς
1381 2707 1507 2772 Ἀντιο-

475 2904 501 2958 i.
519 2908 635 2976 κιιτηέειΙ
649 2907 680 2974 (λ,
696 2911 812 2973 καθέξει
829 2910 971 2978 interpres.

503 3080 568 3135 cnm
585 3080 668 3150 igitur
687 3080 839 3135 velletren
857 3097 905 3149 per
924 3081 1060 3148 oppidum,
1080 3083 1150 3150 qnod
1168 3089 1281 3135 vocatur
1299 3081 1451 3149 lieramnna
1472 3085 1504 3137 nd

402 3154 473 3220 ripas
492 3151 635 3220 Euphratis
654 3170 739 3223 usqne
763 3153 795 3205 ad
814 3153 960 3206 Melitenen
979 3168 1054 3204 sunm
1080 3154 1220 3205 traducere
1251 3156 1420 3219 exercitum,
1449 3170 1502 3207 non

403 3223 470 3276 ntiie
488 3240 579 3277 rursus
598 3225 649 3277 hoe
667 3240 720 3294 ego
738 3225 824 3277 audax
842 3225 1008 3293 significari:
1034 3239 1087 3276 non
1115 3240 1176 3276 esso
1202 3240 1315 3277 necesse
1346 3240 1395 3277 nos
1425 3242 1504 3278 curae

403 3293 471 3346 ntes
491 3305 597 3362 partes,
618 3312 686 3365 quae
704 3297 826 3348 desertae
846 3303 936 3347 essent
954 3304 980 3347 et
998 3295 1130 3362 spoliatae
1149 3298 1220 3347 omni
1239 3305 1335 3348 ornatu
1356 3299 1441 3349 variis
1461 3300 1503 3348 in-

404 3365 587 3419 cursionibus:
608 3384 642 3419 ex
665 3368 761 3436 quibus
787 3368 865 3418 ctiam
885 3368 976 3434 inopia
1004 3368 1171 3442 perniciosa⁸
1183 3383 1326 3420 occursura
1351 3376 1378 3420 et
1406 3369 1504 3420 obten-
1577 3364 1578 3409 i

403 3447 462 3489 tura
481 3446 553 3490 esset
572 3440 733 3502 exercitum,
759 3437 891 3505 simulque
917 3438 1035 3489 cunctari
1055 3446 1194 3505 oporteret
1213 3441 1358 3492 exereitum
1377 3455 1429 3508 per
1444 3449 1505 3490 tan-
1577 3434 1578 3443 ’

404 3516 443 3561 tas
462 3512 599 3580 angustias
618 3525 813 3578 processurum,
833 3524 892 3559 cnm
910 3507 1017 3576 singula
1038 3510 1154 3560 iumenta
1174 3509 1267 3562 coa'cta
1287 3519 1377 3562 essent
1395 3520 1424 3563 et
1454 3511 1504 3561 ho·
1577 3512 1578 3571 i

404 3581 489 3633 mines
507 3583 636 3634 transire:
656 3589 735 3648 atque
754 3580 805 3632 hoc
823 3595 916 3632 curare
937 3580 990 3631 dixi
1010 3582 1156 3644 decere,ut
1174 3598 1251 3650 quam
1271 3582 1416 3634 celerrime
1434 3584 1503 3635 intr·
1577 3602 1578 3617 ι

405 3652 455 3702 etis
481 3660 508 3703 et
535 3656 670 3706 etiamtum
697 3652 852 3719 compositio
877 3653 1024 3720 provinciis
1050 3652 1209 3704 instaremus
1235 3653 1350 3721 illasque
1370 3661 1503 3705 tueremur
1577 3672 1578 3691 ι

404 3720 437 3771 ab
457 3721 571 3774 hostium
592 3724 732 3777 dedecore.
772 3723 821 3774 hac
841 3724 922 3790 igitur
940 3723 1074 3774 sententia
1095 3726 1273 3791 principatum
1290 3724 1433 3776 obtinente
1458 3738 1503 3790 per
1577 3732 1578 3773 i

406 3789 552 3843 Coloneum
573 3802 600 3845 et
616 3796 790 3849 Armeniacos
810 3795 963 3861 provincias
982 3809 1067 3861 nsque
1086 3794 1118 3845 ad
1133 3795 1280 3847 Sebastiam
1300 3812 1348 3847 ren
1371 3811 1431 3846 eum
1456 3810 1505 3845 ex·
1577 3778 1578 3871 λ

405 3860 490 3911 ereitu
512 3867 645 3928 pervenit.
682 3868 718 3918 ibi
738 3874 824 3919 nutem
843 3882 901 3917 cum
925 3864 1073 3918 audivisset
1098 3864 1195 3918 ancas
1221 3868 1388 3934 processisse
1414 3874 1505 3918 contra
1577 3874 1578 3941 η

404 3930 527 3984 Pisidiam
547 3943 575 3984 et
592 3935 751 4000 Lycaoniam
771 3938 906 4004 proiectos
925 3944 953 3986 et
970 3939 1046 4004 quasi
1064 3938 1097 3988 ad
1115 3946 1211 3989 metam
1231 3938 1424 3989 contendentes
1443 3937 1505 3990 ico.

403 4003 486 4064 nium,
507 4004 642 4069 proiectus
665 4016 705 4058 est
724 4015 751 4058 et
769 4010 827 4074 ipse
845 4023 861 4060 a
877 4017 954 4076 tergo
974 4009 1086 4061 veniens
1106 4023 1196 4061 eornm
1224 4025 1309 4077 usqne
1329 4010 1361 4060 nd
1381 4016 1505 4060 roeamm

403 4072 527 4126 flercniis
555 4074 688 4140 oppidum.
731 4077 769 4127 ibi
793 4088 880 4131 antem
898 4094 957 4130 cunr
977 4080 1133 4142 audivisset,
1159 4081 1256 4132 Turcas
1281 4080 1366 4131 iconii
1391 4080 1504 4130 civitate

293 4202 296 4215 .
403 4160 499 4197 eversa
518 4144 619 4196 versari
643 4145 679 4195 ibi
697 4161 750 4198 non
769 4162 929 4213 ausonense,
948 4167 1007 4202 cnm
1025 4159 1176 4203 metuerent
1185 4154 1258 4219 regis
1278 4158 1420 4202 contrane
1441 4164 1506 4217 per-

402 4219 578 4283 secutionem,
597 4223 698 4285 partem
717 4219 845 4289 quandam
856 4223 976 4275 ordinum
996 4222 1023 4272 in
1043 4221 1164 4275 Giiiciam
1187 4223 1284 4284 emisit,
1302 4230 1331 4273 nt
1350 4223 1506 4289 coniunge·
