3168 4988
597 329 807 403 nts'tolttl.
1182 333 1257 411 255

142 495 185 560 δὲ
209 498 324 576 ζιόντες
345 498 649 586 ᾑγμαλωτιλτθηοαν.
692 501 808 583 όμοίως
830 505 866 570 δὲ
885 505 942 569 καί
960 505 1049 592 παρά
1072 511 1136 575 ταῖν
1158 506 1253 579 ἶπον.

140 599 222 661 τοῖν.
265 603 487 685 συνηθροίσθη
507 602 543 664 δὲ
565 602 621 664 καί
638 606 872 687 λαφυραγωγία
892 606 928 671 ἐκ
944 608 998 690 τῆς
1020 608 1148 675 ἐκείνων
1169 612 1254 677 α’πο·

142 700 277 781 σκευῆς,
300 698 357 765 καί
373 703 432 765 τοῦ
450 702 656 789 αόταδδλφου
677 706 734 767 τοῦ
747 706 933 791 Βρυεννίου
948 706 1096 792 ὀχήματα
1115 713 1254 797 πρόσινα
1342 720 1349 743 ⁸

143 799 207 861 καί
226 793 310 865 όπλα
333 799 584 885 καίσῆμαντρα.

113 896 133 949 5
249 898 503 967 Ἐπανελθόντων
518 905 555 966 δὲ
575 906 705 970 τάντοδ
724 910 886 988 βασιλέως
901 912 1103 995 στρατιωτῶν
1124 913 1170 986 εἰς
1191 915 1252 978 αδ.
1334 934 1347 961 ⁴

142 1000 217 1077 τόν,
248 1003 336 1086 χαρά
359 1026 407 1077 τις
433 1006 543 1068 τοῦτον
571 1009 626 1070 καί
645 1004 722 1087 τὀός
742 1012 818 1093 περί
837 1009 935 1076 αότόν
965 1017 1145 1098 περιέλαβε.
1188 1023 1253 1091 τοῖς

146 1104 189 1168 δὲ
210 1105 400 1182 Βυζαντίοις
426 1105 520 1170 ου’δδν
547 1104 670 1170 τοότισν
698 1112 882 1192 θιραιτεόον
908 1112 1091 1195 ἐδείκνυτο,
1125 1109 1175 1180 ότι
1196 1112 1253 1201 την
1341 1102 1345 1108 ’

144 1204 212 1266 τοῦ
231 1204 390 1286 βασιλέως
417 1204 526 1291 μάχην
555 1208 611 1269 καί
631 1208 688 1271 τοῦ
710 1213 887 1292 Βρυεννίου
917 1211 1043 1297 κόνεριν
1065 1213 1252 1298 ἐλογίζοντο.

144 1298 215 1371 εἷλε
250 1303 313 1388 γάρ
345 1301 461 1381 πόντας
490 1309 559 1371 κατ’
580 1300 680 1394 όκρας
707 1307 723 1373 ό
752 1309 850 1386 πόθος
884 1312 940 1395 τῆς
967 1314 1024 1378 τοῦ
1050 1311 1251 1382 Βοτανιάτου
1319 1382 1324 1391 ,

98 1416 135 1471 to
142 1406 384 1491 χρηστότητος,
414 1410 541 1494 ἐπείπερ
575 1411 743 1492 ἐγίνωσκον
772 1413 874 1476 αότοό
896 1412 935 1488 Ιτό
966 1416 1055 1495 γένος
1076 1418 1252 1502 περιφανὲς

143 1506 204 1571 καί
217 1504 299 1590 πρός
319 1505 395 1583 νοός
415 1506 605 1590 πολεμικοός
632 1511 757 1593 δγιόνιις
785 1508 927 1592 ἐπίδοξον
947 1511 1002 1578 καί
1025 1513 1167 1600 χρηστόν
1186 1525 1250 1595 τοῖς

144 1605 292 1682 πολίταις
313 1611 368 1673 καί
387 1604 591 1695 σύντροφον,
624 1613 680 1675 καί
706 1610 804 1678 αότὸν
827 1616 862 1679 ol
891 1620 1116 1699 παραπλησίαν
1137 1613 1250 1699 ἔχοντα

145 1711 193 1794 τῷ
214 1711 297 1791 γίνει
319 1708 377 1791 τὴν
394 1707 521 1795 γνιόμην
542 1711 597 1774 καί
614 1709 670 1795 τὴν
691 1711 825 1797 όνδριάν
837 1716 892 1779 κατ’
904 1719 960 1798 τῆς
975 1717 1086 1801 ψυχῆς
1105 1715 1140 1782 τὸ
1162 1714 1250 1799 όγιδς

144 1806 413 1892 ε’γκαλλιόπισμσ·
462 1810 567 1887 οόδείς
586 1812 648 1898 γάρ
673 1815 810 1895 πόλεμος
841 1815 1047 1898 όγωνιστικός
1068 1819 1124 1884 καί
1144 1817 1249 1902 βορός

98 1902 231 1991 ιδτίχεν
265 1908 363 1975 αότδν
390 1907 451 1989 ἔξω
481 1918 544 1978 τῶν
567 1915 615 1978 ἐπ’
651 1914 736 2001 αὐτῷ
759 1908 1076 2005 άνδραγαθημότων,
1112 1917 1248 2001 οόδεμίω

141 2010 331 2095 παρασκευὴ
349 2014 412 2076 τόν
436 2005 542 2096 άκρων
565 2013 738 2099 α’πείρατόν
760 2039 793 2079 τι
813 2018 868 2081 καί
890 2008 1067 2104 ἄγευστον,
1089 2016 1169 2085 α’λλά
1193 2021 1249 2085 καί

142 2108 295 2187 δσυκιιιάς
317 2109 421 2197 α’ρχάς
441 2114 497 2178 καί
519 2113 620 2190 αότάς
640 2120 791 2198 μεγίστας
810 2116 962 2202 φρονήσει
983 2119 1040 2182 καί
1059 2120 1173 2206 όνδρίᾳ
1193 2120 1276 2185 nsit.
1290 2130 1376 2187 223r.

141 2212 322 2296 α’γαθότητι
349 2212 576 2299 κατεκόσμησε.
626 2214 682 2281 καί
707 2216 839 2300 ἡπόλις
864 2216 961 2283 αότόν
980 2213 1088 2301 ἠγάπα
1110 2217 1163 2283 διό
1185 2216 1246 2302 την

141 2305 228 2395 άγαν
248 2310 418 2378 ἐπιείκειαν
440 2315 495 2379 καί
513 2315 675 2400 πραότητα
698 2319 754 2382 καί
773 2315 808 2382 τό
833 2320 890 2401 τῆς
909 2317 1017 2404 χειρός
1038 2320 1073 2382 ε’ν
1094 2319 1245 2400 πολέμοις

95 2415 199 2479 wasers*
219 2405 329 2489 όπλοις
354 2413 609 2497 α’καταγιόνιστον
631 2420 686 2481 καί
714 2413 748 2483 ἓν
772 2414 885 2502 διόροις
910 2420 1111 2502 όοόγκριτον,
1133 2420 1188 2484 καί
1208 2418 1244 2486 τό

140 2512 249 2592 δεξιόν
272 2520 327 2579 καί
347 2510 477 2600 erigant,
499 2519 554 2582 καί
573 2514 734 2601 τὸπόσης
749 2518 936 2597 ἀλαζονείας
956 2518 1011 2584 καί
1023 2518 1244 2607 δπερηφανίας

139 2618 309 2698 τυγχάνειν
331 2610 430 2682 αότόν
451 2618 669 2704 όιγηλότερον,
697 2622 754 2685 καί
781 2616 816 2685 τό
838 2616 877 2705 δὴ
898 2620 1018 2702 μεῖζον,
1039 2623 1244 2709 α’νίγκλητον·

140 2716 274 2782 οόδδπα
291 2717 351 2803 γάρ
374 2718 502 2785 όδικιάν
521 2721 732 2809 κατενικλὴθη
752 2721 839 2807 παρά
861 2745 944 2799 τινος
965 2730 1041 2808 παρ’
1064 2717 1155 2799 όλαις
1173 2731 1244 2802 ταῖς
1304 2764 1308 2769 -

216 2897 258 2950 21.
278 2895 310 2951 ιδ
330 2910 372 2949 om
394 2898 424 2951 G.

140 3059 219 3129 lique
239 3062 343 3112 mtiono
371 3062 449 3113 etiem
483 3078 515 3114 ex
535 3062 678 3130 equitibus.
722 3071 851 3132 congesto
874 3071 962 3114 sutem
982 3070 1023 3114 est
1045 3064 1124 3114 etism
1144 3064 1243 3129 praeda

141 3147 176 3183 ει
195 3131 305 3184 ἰλλοταοι
324 3134 520 3202 impedimentis
538 3142 565 3185 et
583 3133 672 3185 fratris
690 3131 819 3199 Bryennii
840 3149 932 3185 currus
951 3134 1052 3186 virides
1075 3141 1101 3183 et
1119 3134 1204 3202 signo.

242 3220 369 3273 Reversis
387 3229 475 3272 autom
495 3223 568 3289 regis
592 3221 720 3273 militibus
740 3222 771 3272 sd
799 3237 858 3273 oum
878 3221 1001 3288 gandium
1021 3219 1150 3288 quoddam
1169 3221 1242 3274 lrnno

140 3300 168 3343 st
187 3292 234 3358 qni
255 3293 326 3343 circa
345 3308 403 3343 sum
418 3303 501 3357 erant,
522 3295 603 3361 cepit.
640 3294 777 3359 Byzantiis
798 3301 886 3344 autern
902 3291 971 3343 nihil
991 3292 1085 3343 horum
1103 3289 1170 3343 utile
1189 3307 1241 3358 sp.

139 3362 267 3431 psrebet,
293 3380 351 3416 enm
370 3366 443 3433 regis
469 3380 586 3433 pugnam
609 3372 637 3415 et
652 3365 781 3431 Bryennii
806 3371 969 3431 reputarent.
1007 3363 1152 3429 occupavit
1169 3364 1241 3415 eninr

139 3449 234 3485 omnes
253 3450 380 3486 summurn
398 3436 559 3488 desiderium
578 3437 683 3487 virtutis
702 3437 874 3500 Botsnistse,
902 3434 1114 3504 quondoquidem
1133 3449 1239 3502 cogno.

139 3505 252 3558 scebant
279 3508 337 3558 eins
362 3522 447 3574 genus
470 3505 571 3558 olorum
596 3514 623 3559 et
640 3508 673 3558 od
691 3507 792 3560 bollion
815 3507 958 3559 certamina
977 3506 1102 3568 illustre,
1126 3512 1153 3556 et
1171 3505 1239 3557 utile

139 3577 247 3629 civibus
269 3585 296 3629 et
311 3578 493 3643 coniunctum,
511 3587 592 3646 atque
610 3580 695 3646 ipsum
715 3579 827 3630 similem
847 3578 899 3630 hab
917 3594 947 3629 το
966 3577 1060 3645 generi
1078 3578 1239 3630 sententium

139 3656 167 3701 st
186 3648 370 3700 fortitudinem
390 3658 417 3701 ot
434 3650 514 3701 animi
533 3664 622 3702 sanam
639 3649 837 3719 gloriationem.
862 3594 965 3700 ποτῆται
984 3648 1054 3700 enim
1073 3647 1176 3700 bellum
1194 3647 1238 3700 in-

137 3734 207 3787 gens
232 3727 260 3770 ot
277 3735 360 3787 grove
388 3721 504 3773 habebat
523 3737 581 3772 eum
607 3730 682 3773 estre
700 3720 827 3773 victorias
851 3717 942 3771 nullus
961 3726 1102 3787 apparatus
1119 3734 1238 3772 summo.

137 3806 198 3842 τοττι
226 3800 364 3857 expertein
383 3800 411 3845 et
430 3793 550 3856 inanem,
568 3794 615 3844 ssd
640 3800 668 3843 et
691 3792 766 3844 ducis
784 3791 952 3858 magistratus
972 3798 1001 3843 et
1017 3792 1090 3859 ipsos
1109 3792 1238 3844 maximos

137 3861 282 3928 prudentis
303 3870 330 3913 st
349 3864 504 3916 fortitudine
524 3872 552 3913 et
575 3865 672 3914 virtuto
692 3863 805 3913 ornavit.
849 3869 928 3929 etque
946 3861 1010 3914 urbs
1029 3878 1088 3914 enm
1107 3861 1240 3932 diligebat

137 3940 250 3999 propter
268 3949 393 3987 suminam
413 3934 580 3987 clementiam
598 3942 625 3986 et
644 3933 782 3985 lenitatem
801 3940 828 3983 et
845 3947 949 3985 monum
968 3933 1094 3986 inbellis
1114 3934 1237 3986 sturmis

135 4005 267 4057 insistam
287 4013 313 4056 et
331 4007 359 4057 in
378 4008 453 4058 donis
472 4002 716 4072 incomparabilem,
733 4010 760 4053 et
777 4002 848 4072 quod
865 4004 959 4056 dexter
979 4013 1006 4057 et
1017 4015 1109 4072 grstns
1127 4014 1154 4057 et
1165 4003 1236 4055 omni

136 4074 291 4128 hmilitsto
311 4085 337 4129 et
355 4078 482 4145 superbis
500 4086 557 4129 eret
577 4076 709 4142 superior,
730 4082 772 4138 et,
791 4076 862 4143 qood
879 4076 963 4129 meins
981 4086 1037 4143 est,
1054 4077 1168 4129 nondum
1186 4090 1237 4126 so-

135 4155 260 4199 emtus:
279 4149 394 4201 nondum
411 4152 481 4201 enim
494 4157 602 4215 proptor
616 4146 771 4199 iniustitiam
790 4155 929 4199 accusatus
947 4156 1005 4200 oret
1022 4164 1038 4200 ι
1057 4160 1188 4215 quoquam
1207 4146 1237 4197 in

136 4219 261 4273 minus
279 4222 335 4276 suis
354 4221 522 4275 actionibus:
548 4227 627 4290 atquo
646 4219 722 4273 testis
741 4219 815 4285 ipse,
834 4220 880 4287 qui
899 4219 951 4272 lroo
968 4219 1076 4285 soribo,
1095 4231 1153 4273 ιιιιο
1171 4230 1238 4287 ego„
