3182 4986
559 255 766 326 HISTORIA.
1144 251 1214 330 149

111 421 246 487 κατόπιν
271 419 415 486 ἐλαύνων
442 422 482 484 ου’
501 425 655 507 προέθετο
676 432 834 508 συμμίξαι
863 436 926 507 τοῖς
947 436 1215 512 προαποσταλείσι

111 527 168 588 καί
190 525 236 608 τῷ
258 525 365 586 Χλίατ
386 528 595 606 προσβαλεῖν·
645 526 713 590 ἀλλ’
735 529 862 614 ε’πείπερ
887 528 974 615 ἔφθη
996 532 1076 597 κατά
1098 529 1132 597 td
1153 557 1216 596 πα.
1299 581 1304 593 ,

108 621 231 708 ρελθόν
252 618 321 698 ε”τος
341 619 565 706 χειρώσασθαι
584 624 766 711 Ῥωμαϊκήν
789 629 880 694 πόλιν
902 635 1102 716 Μανζικίερτ
1124 639 1215 718 λεγο-

107 728 209 808 μένην
245 721 261 786 ὁ
293 725 356 787 τοῖν
388 727 527 806 Περσῶν
560 724 701 812 ἀρχηγὸς
733 726 922 813 (σονλτάνον
952 724 1018 794 οἶδε
1052 734 1164 799 τοῦτον
1196 731 1216 817 ῆ

83 822 240 889 δέκείνων
260 829 368 888 καλεῖν
391 822 523 910 φιονῆ),
548 825 603 891 καί
623 827 768 913 φύλακας
798 832 1031 915 ἐγκαταστῆσαι
1056 827 1215 917 Τοάρκοος

108 922 244 999 ἱκανοάς
264 923 345 1005 μετὰ
368 926 424 987 καί
443 929 641 1007 Διλιμιτοδν,
660 931 772 1012 διέγνω
790 931 901 999 λσιπδν
923 930 940 995 δ
960 929 1111 1012 βασιλεὺς
1133 931 1213 1013 πρό-

107 1047 203 1110 τερον
223 1026 269 1100 είς
298 1023 332 1090 ad
366 1017 444 1090 ἀστο
465 1028 556 1092 τοῦτο
588 1033 786 1112 παραβαλεῖν
814 1034 869 1095 καί
890 1032 1138 1115 ἀναρρτίσασδαι
1161 1033 1217 1097 καί

106 1132 148 1215 τῆ
165 1129 335 1207 Ῥωμαίων
361 1128 637 1213 ἀποκαταστῆσαι,
660 1132 717 1193 καί
737 1128 821 1196 οάτοο
850 1140 916 1207 τοῖς
940 1136 1115 1217 ἀλλοτρίοις
1134 1155 1215 1216 προ-

107 1232 303 1311 σεπιβαλεῖν,
326 1218 392 1308 ῆτοι
412 1229 455 1313 τῷ
466 1226 579 1308 Χλίατ,
597 1226 641 1312 μῆ
666 1226 700 1293 ἐκ
720 1232 840 1295 πολλοῦ
857 1234 1050 1320 συγκειμένῳ
1074 1235 1118 1319 τῷ
1139 1233 1215 1296 δια-

66 1323 260 1411 ιθστῆματι.
304 1323 551 1412 καταφρονήσας
573 1321 631 1394 οάν
652 1331 713 1393 ταῖν
742 1328 1093 1417 καστροφυλακοάντιον
1116 1336 1150 1398 ἐν
1170 1320 1214 1422 τῷΙ

107 1431 328 1510 Μαντζικίερτ
351 1431 509 1510 πολεμίων
528 1428 571 1506 ἀς
593 1433 655 1513 οάχ
675 1428 792 1496 ἱκανῶν
814 1431 992 1517 ὑποστῆναι
1014 1431 1071 1515 τῆν
1093 1433 1210 1497 τούτου

106 1528 239 1615 ἔφοδον,
262 1527 318 1592 καί
338 1524 449 1611 ἑτέραν
470 1539 588 1614 μοῖραν
610 1525 840 1613 ἀποτεμόμενος
863 1538 1010 1617 πλείστην
1032 1536 1090 1597 τοῦ
1110 1559 1211 1618 στρα-

105 1633 182 1712 τοῦ,
213 1627 264 1695 ἑνί
295 1634 357 1694 τάν
392 1628 556 1714 ἐπισήμων
583 1634 752 1717 ἐγχειρίζει
781 1631 838 1719 τῆν
871 1640 1065 1719 στρατηγίαν
1098 1637 1210 1716 edred,

101 1729 223 1817 ’ίιοσῆφ
246 1730 411 1820 μαγίστρτρ
432 1733 473 1819 τῷ
494 1733 713 1820 Τραχανιοότη,
735 1733 948 1817 προσεπιδοδς
965 1735 1051 1825 edrai
1069 1736 1125 1801 καί
1142 1744 1211 1802 ort-

68 1843 95 1896 15
105 1833 167 1920 φας’
187 1834 292 1912 πεζῶν
314 1833 370 1896 οάκ
394 1816 680 1919 εάκαταφρόνηίον.
712 1829 751 1919 ῆν
774 1837 808 1900 δὲ
828 1835 861 1901 τὸ
884 1839 1085 1921 ίγχειρισδὲν
1104 1834 1211 1927 ἐκείνῳ

103 1931 334 2017 στρατιωτικὸν
363 1932 398 1998 τὸ
429 1930 568 2017 ἔκκριτον
600 1958 633 1998 τε
667 1939 721 2000 καί
751 1935 1018 2021 δυσμαχώτατον,
1050 1938 1109 2000 κάν
1140 1946 1211 2014 ταῖς

103 2042 305 2115 συμπλοκαῖς
327 2037 382 2098 καί
404 2042 470 2111 τοῖς
490 2026 595 2111 ἄλλοις
618 2040 765 2120 πολέμοις
788 2039 1035 2121 προκινδυνεῦον
1056 2041 1111 2101 καί
1132 2061 1210 2123 προ.
1297 2049 1303 2055 ’

102 2132 380 2217 μαχόμενον,καί
410 2135 456 2210 εἰς
476 2139 597 2218 πλῆθος
621 2137 699 2201 πολδ
724 2139 859 2222 προέχον
887 2140 948 2201 ταῖν
968 2136 1211 2223 δποκρατηθίν-

103 2258 166 2299 τιον
187 2235 233 2322 τῷ
250 2239 386 2317 βασιλεῖ.
440 2235 495 2299 καί
524 2234 586 2321 γάρ
616 2240 649 2302 ἐν
680 2246 749 2314 ταῖς
782 2238 1057 2322 προηγησαμένοις
1087 2235 1209 2319 μάχαις

68 2335 141 2400 wod
167 2334 305 2420 τοσαύτη
327 2340 475 2420 περιέστη
497 2346 562 2413 τοῖς
578 2338 749 2418 Ῥωμαίοις
784 2336 904 2422 ἀνάγκη
935 2336 1014 2418 μετά
1034 2342 1093 2401 τοῦ
1113 2342 1207 2419 βασι-

106 2438 195 2519 λέως,
220 2431 300 2500 ὅστε
323 2436 377 2500 καί
398 2432 456 2519 τῆν
476 2436 575 2501 αάτοιῖ
593 2445 720 2520 μοῖραν,
743 2437 777 2502 τὸ
798 2433 962 2519 λεγόμενον
975 2434 1124 2521 συνήθως
1146 2439 1206 2501 ἀλ-

105 2535 237 2618 λάγιον,
269 2537 528 2601 διακινδυνεῦσαι
563 2541 618 2602 καί
652 2536 789 2618 πόλεμον
824 2536 1064 2620 ἀγωνίσασθαι·
1122 2538 1204 2601 α’λλά

105 2632 376 2721 προαρπαζόντων
401 2635 458 2719 τῆν
480 2642 566 2721 νίκην
591 2641 650 2703 τῶν
672 2640 790 2702 λοιπῶν
822 2635 933 2719 ἔμενον
963 2634 993 2701 οἱ
1013 2642 1056 2725 τῷ
1077 2642 1211 2720 βασιλεῖ

176 2842 200 2891 1.
221 2840 379 2911 προσέθετο
397 2840 427 2893 C.
543 2841 586 2893 23.
607 2843 717 2898 λοιπῶν
737 2843 878 2916 murtea
899 2843 1001 2917 ἔμενον
1020 2842 1051 2897 G.

107 3031 237 3083 commisit
260 3039 289 3082 ut
315 3032 524 3099 coniungeretar
549 3048 607 3083 eum
626 3041 704 3084 antea
729 3034 816 3084 missis
843 3040 870 3082 et
888 3030 977 3084 Cbliat
994 3032 1202 3098 aggrederetur:

106 3104 152 3154 sed
178 3103 302 3170 qnoniam
329 3108 505 3155 antevenerat
529 3119 588 3155 eum
614 3105 758 3170 praeterito
784 3116 853 3152 anne
881 3100 1048 3151 subiicienda
1074 3099 1202 3152 Graecam

107 3173 197 3226 arbem
216 3174 366 3227 Mansikert
384 3175 479 3225 dietam
499 3174 636 3226 Persarum
662 3175 714 3225 dux
733 3173 880 3241 (sultanum
905 3171 982 3221 novit
1002 3169 1071 3219 hunc
1092 3168 1201 3219 illorum

105 3259 204 3295 rorare
223 3244 330 3313 lingua)
351 3253 378 3295 et
397 3247 520 3298 custodes
539 3246 698 3314 imponendo
718 3244 814 3296 Turcas
832 3242 997 3293 sufficientes
1017 3254 1075 3290 eum
1093 3236 1202 3290 Diltmi.

107 3318 141 3368 tis
160 3331 275 3384 quoqne,
295 3317 386 3367 statuit
404 3318 454 3368 iarn
473 3334 522 3368 ren
539 3326 616 3368 antea
636 3316 687 3367 hoe
706 3315 829 3382 oppidum
848 3312 953 3382 ingredi
971 3319 999 3362 et
1015 3323 1160 3391 resecare,¹
1175 3315 1203 3358 et

108 3387 266 3440 Graecarum
286 3388 397 3453 imperio
417 3390 572 3453 restituere,
593 3396 619 3439 et
646 3389 682 3439 ita
700 3386 788 3438 aliena
813 3385 940 3455 aggredi,
960 3382 1082 3434 nimirum
1101 3380 1199 3441 Chiast,

108 3458 177 3527 quod
195 3474 249 3510 non
275 3457 358 3526 longo
377 3458 485 3511 abesset
513 3461 608 3527 spatio.
654 3469 825 3530 centemnens
853 3458 935 3527 igitur
960 3455 1050 3505 hostes
1076 3454 1102 3502 in
1133 3449 1199 3501 urbe

107 3529 253 3582 lisanikert
272 3528 411 3581 castelium
429 3539 567 3583 servantes
588 3539 684 3583 utnon
704 3531 868 3583 sufficientes
887 3528 919 3579 ad
938 3524 1101 3577 subeundum
1121 3521 1199 3572 huins

108 3604 241 3666 impetunt,
262 3609 289 3652 et
307 3600 418 3652 aiteram
444 3612 544 3668 partem
570 3604 727 3654 abscindens
753 3603 889 3652 maximam
919 3599 1062 3658 exercitus,
1081 3595 1127 3647 uni
1146 3608 1199 3645 ne-

107 3672 200 3724 biiium
223 3673 302 3724 tradit
329 3674 466 3740 imperium
495 3676 573 3738 eius,
593 3674 707 3742 losepho
735 3674 861 3741 magistro
880 3669 1082 3731 Trachaniotae,
1101 3663 1199 3718 addens

106 3747 131 3795 ei
153 3745 229 3794 etiarn
249 3759 343 3812 agmen
357 3745 472 3810 peditum
492 3761 545 3796 non
558 3746 744 3813 spernendum.
783 3751 839 3794 erat
857 3750 944 3792 autern
961 3740 1072 3792 traditus
1088 3737 1130 3790 iili
1149 3753 1200 3788 ex-

107 3816 207 3867 ercitus
233 3823 260 3867 et
291 3813 393 3866 electus
420 3823 447 3866 et
471 3816 640 3884 impugabiiis
666 3818 692 3866 in
721 3815 892 3866 conserendis
912 3812 1032 3865 menibus
1052 3818 1080 3863 et
1101 3810 1199 3861 ceteris

105 3886 188 3939 bellis
205 3888 315 3951 primunr
335 3886 482 3952 perieulum
503 3896 530 3938 et
549 3896 683 3940 certamen
711 3886 869 3953 suscipiens,
890 3893 916 3935 et
929 3883 1097 3936 multitudine
1116 3880 1199 3948 ionga

105 3971 234 4023 superans
253 3958 310 4023 regi
330 3957 475 4009 subiectos.
514 3961 610 4010 etenim
637 3960 663 4009 in
682 3958 834 4024 praeteritis
859 3957 955 4024 pugnis
974 3969 1027 4005 nen
1049 3960 1121 4005 tanta
1143 3960 1199 4002 erat

105 4027 216 4083 Graecis
233 4031 380 4080 necessitas
400 4045 458 4079 curn
478 4046 553 4097 rege,
572 4039 600 4080 ut
618 4031 695 4080 etiarn
716 4029 773 4082 eius
792 4045 870 4097 pars,
891 4025 973 4095 vulgo
992 4027 1056 4078 dicti
1077 4032 1197 4091 „mutan-

103 4106 180 4161 tes,“
208 4099 353 4163 periculum
382 4100 483 4152 subiret
509 4109 536 4151 et
561 4100 660 4152 beilum
679 4101 845 4166 decertaret,
871 4101 918 4152 sed
943 4093 1197 4167 praeoccupantibus

103 4170 244 4227 victoriam
263 4174 361 4225 ceteris
382 4173 573 4240 „enatantibus‘⁴
600 4172 740 4225 manebant
758 4174 864 4225 ordines
891 4176 950 4239 regi
969 4168 1103 4221 coniuncti
1124 4168 1198 4214 extra
