3222 5000
580 364 824 459 ansuino.
1114 334 1119 341 ’
1212 380 1248 433 n

82 626 83 637 ἵ
159 532 301 606 deduxit
325 533 373 606 ad
400 559 538 606 annum
570 538 674 607 1081.
711 533 827 632 loque
855 536 923 607 hac
952 536 1062 608 altera
1085 533 1248 608 editione

82 688 83 719 r
159 660 285 731 multos
310 661 413 731 locos
448 659 622 731 historiae
649 659 832 731 Michaelis
859 661 1046 733 Attaliatae
1080 663 1252 734 transcri-

158 787 223 883 psit
254 785 301 857 sd
328 786 507 876 verbum,
532 785 643 855 tacito
669 784 828 855 auctoris
852 786 1016 878 nomine,
1028 786 1249 884 resectisque
1373 874 1377 889 ι

82 916 83 969 l
158 911 325 982 omnihus
338 910 382 981 iis
397 934 492 1006 quac
505 907 550 980 ad
566 907 709 981 laudem
721 909 917 1006 Nicephori
931 911 1140 983 Botaniatae
1153 911 1250 984 dicta

157 1034 305 1107 lucrant.

251 1152 440 1224 Eiusmodi
467 1151 631 1225 fraudem
660 1151 759 1247 apud
795 1154 962 1223 auctore's
997 1149 1109 1223 medii
1146 1151 1250 1244 aeri,

82 1256 83 1299 ³
158 1279 267 1349 immo
297 1280 335 1348 in
363 1279 465 1349 omni
493 1279 683 1371 memoria,
714 1302 788 1348 non
816 1278 865 1347 ita
891 1287 1031 1370 raram,
1056 1277 1148 1348 mire
1182 1274 1249 1347 ad·

157 1403 240 1473 iuvit
274 1405 487 1475 continuata
519 1401 694 1498 deinceps
720 1401 852 1475 (Ιοιηιιε
879 1402 1058 1499 regnatrix
1090 1399 1250 1474 Comoe-

82 1540 84 1627 ξ
158 1553 297 1599 norum.
361 1526 454 1617 Quis
481 1529 579 1598 enim
606 1539 694 1598 tunc
720 1528 930 1624 inquirebat
956 1527 1002 1598 de
1037 1527 1246 1624 Nicephoro

157 1636 342 1724 Botaniata
367 1654 421 1724 vel
448 1651 494 1723 de
517 1653 733 1723 bucinatore
765 1650 912 1724 laudum
948 1652 1049 1724 eiusl
1084 1677 1250 1749 praeser-

155 1779 215 1847 tim
243 1802 360 1873 quum
388 1769 569 1874 Scyllum,
596 1777 816 1872 Bryennius‚
839 1778 943 1848 Anna
970 1758 1158 1849 Comnena
1188 1801 1250 1848 ea·
1318 1796 1323 1811 ’

156 1901 233 1974 dem
272 1902 500 1974 narraverint
539 1900 583 1972 ad
625 1902 820 1973 maximam
857 1900 1129 1973 Comnenorum
1171 1902 1249 1999 glo-

156 2028 253 2099 riam.
316 2027 429 2099 Nobis
460 2040 605 2120 tamen,
637 2028 701 2124 qui
728 2040 836 2098 testes
863 2029 900 2099 in
934 2042 1129 2123 utramque
1165 2053 1250 2124 par-

82 2180 84 2267 t
158 2168 224 2225 tem
251 2153 381 2226 audire
405 2154 584 2249 cupimus,
610 2153 721 2224 satius
733 2151 875 2224 ridetur
885 2154 1002 2224 fontes
1018 2154 1116 2250 ipsos
1130 2177 1249 2248 quan-

82 2440 84 2565 l

82 2618 84 2727 l

157 2292 227 2351 tum
256 2280 344 2350 licet
364 2277 480 2370 adire,
490 2278 666 2349 terrentes
694 2276 877 2349 interdum
899 2278 1246 2373 relnonnumquam

154 2403 332 2495 turbidos,
358 2403 492 2499 quihus
512 2415 634 2473 tamen
654 2405 735 2500 plus
764 2402 903 2498 saporis
926 2403 1019 2473 inest
1045 2425 1154 2499 quam
1176 2414 1249 2473 sta·

82 2594 83 2603 ,
154 2529 347 2625 guantibus
386 2528 491 2621 aquis
531 2539 592 2597 aut
622 2527 720 2598 varia
762 2526 1008 2597 conrivatione
1044 2526 1260 2623 permixtis.

156 2652 272 2749 qualia
303 2651 375 2722 lere
417 2652 524 2722 nohis
558 2652 738 2748 praebent
765 2647 919 2722 Cedreni
955 2651 1119 2725 Zonarae
1154 2650 1248 2722 alio-

155 2801 310 2873 rumque
345 2775 383 2847 id
415 2800 529 2871 genus
567 2774 934 2873 chronographorum
966 2778 1149 2872 Synopses
1189 2776 1244 2847 rel
1316 2870 1321 2881 Ι
1388 2765 1404 2785 “

153 2900 372 2998 synagogae.
468 2920 474 2929 ·
827 2972 836 2995 ⁸

247 3018 348 3090 Talia
384 3030 559 3089 monente
594 3018 877 3110 llasiohrerum
912 3016 959 3090 ad
991 3018 1180 3092 historiam
1213 3032 1251 3089 st

82 3196 83 3227 p
156 3143 287 3214 litteras
317 3142 581 3238 pertinentium
617 3166 760 3213 summo
798 3144 962 3235 arbitro,
1001 3144 1173 3239 magistro
1208 3165 1251 3212 ac

82 3294 84 3325 r
155 3266 291 3340 fautore
322 3293 406 3339 meo
426 3322 437 3361 ‚
465 3269 574 3339 lacile
607 3267 754 3340 inducta
792 3282 846 3339 est
877 3267 1022 3339 illustris
1050 3264 1248 3342 Academia
1304 3366 1309 3383 Ι

154 3396 245 3491 regia
282 3393 525 3465 Berolinensis
557 3406 597 3465 ut
621 3393 805 3464 Michaelis
833 3392 1019 3463 Attaliatae
1054 3390 1244 3463 historiam

82 3554 83 3615 p
155 3519 186 3590 io
202 3518 487 3617 Byzantinorum
496 3517 723 3613 Scriptorum
753 3541 886 3613 corpus
901 3517 1094 3613 reciperet,
1115 3516 1255 3611 inquo

154 3643 219 3716 iam
247 3657 338 3716 ante
363 3641 543 3715 ducentos
569 3665 685 3713 annos
711 3642 831 3713 locum
844 3643 877 3710 ei
904 3642 1145 3740 assignaverat
1158 3641 1245 3714 Phi-

154 3767 271 3865 lippus
301 3767 478 3872 Labbeus.

249 3889 388 3962 Codice
411 3892 519 3987 igitur
528 3916 637 3987 quam
663 3887 1136 3989 accuratissimedescripto,
1153 3916 1245 3988 apo-

82 4054 83 4063 *
154 4016 332 4114 graphum
358 4041 506 4109 meum,
532 4016 655 4088 denuo
684 4040 765 4087 cum
793 4017 1018 4088 membranis
1052 4016 1248 4110 collatum,

156 4164 246 4213 anno
283 4140 379 4214 1844
403 4143 553 4213 Bonnae
592 4142 631 4212 in
661 4164 791 4212 manus
826 4139 1052 4237 bibliopolae
1084 4137 1246 4232 tradidi,

158 4266 256 4363 quod
296 4290 396 4339 nunc
435 4265 584 4340 demum
623 4266 759 4363 publici
803 4267 890 4339 iuris
927 4264 969 4337 fit
1009 4286 1092 4335 curn
1129 4263 1240 4335 latina
