3150 4986
424 374 431 385 i
541 346 750 417 nts'mtttt.
1136 346 1209 427 245

104 545 176 605 ρων
198 521 256 585 καί
275 511 379 603 όρκων
398 519 636 600 συστήσασθαι.
693 516 744 587 διε
766 524 802 591 δὲ
829 521 864 589 τό
884 520 974 608 ἔργον
992 531 1049 610 τῆς
1067 550 1211 610 συνωμο·

104 627 183 696 σίας
204 617 381 703 ἐπλήρωσε,
401 617 457 682 καί
479 622 524 694 είς
545 618 580 684 τό
605 614 717 706 αύριον
738 624 952 707 α’ναγορεύσαι
970 626 1024 690 τόν
1037 632 1211 712 Βρυέννιυν

103 723 149 787 τύ
170 722 235 785 τῶν
252 723 483 802 συναραμένων
504 720 588 807 αύτή
611 721 839 805 διεσκίψαντο,
871 717 916 801 εἷς
938 724 1056 791 τούτων
1074 728 1211 813 χάριτας

105 826 145 888 ἐκ
167 821 264 886 τινοῖν
284 820 549 923 προηγησαμέηων
578 824 724 905 χρηστῶν
755 823 917 907 ὁμολογεῖν
947 823 1030 907 ἔχων
1051 850 1108 908 μοι
1128 850 1211 912 προ-ι

76 924 231 1004 δσήλδεν
263 918 346 1003 ύωρί
378 922 441 983 τῶν
469 922 602 1001 νυκτοῖν,
634 925 688 985 κατ’
718 923 776 1006 τήν
795 926 967 1009 ἐπιβουλήν
996 926 1208 1011 ύπεσήμανεν.

106 1018 209 1096 αύτός
241 1022 276 1083 δὲ
306 1018 405 1083 πολλὰ
427 1019 644 1105 δυσχεράνας,
674 1021 728 1086 καί
757 1021 856 1088 πολύν
887 1023 1069 1106 ὀνειδισμὸν
1090 1024 1210 1091 τούτων

105 1125 167 1185 κατ’
192 1121 339 1202 μυκτῆρα
377 1120 611 1203 καταχεόμενος
641 1118 684 1199 σός
713 1124 974 1207 καταπροδόντων
1000 1126 1058 1210 τήν
1087 1119 1211 1191 ἑαυτῶν

106 1226 271 1307 σωτηρίαν
302 1223 357 1285 καί
383 1220 418 1285 τό
446 1222 501 1305 τῆς
535 1222 670 1300 πίστεως
701 1223 874 1306 σύμβολον,
905 1224 1125 1309 α’νυπονοήτως
1151 1228 1211 1307 μὲν

105 1315 210 1387 αύτόν
224 1325 278 1387 καί
296 1328 364 1403 μετ’
378 1321 548 1397 ἐπιεικείας
562 1320 810 1409 α’πεπεμφύμην,
833 1327 1006 1409 μελετήσας
1029 1329 1065 1391 δὲ
1085 1351 1212 1411 παραυ-

61 1436 96 1488 10
105 1427 181 1489 τίκα
213 1421 270 1506 τήν
292 1421 383 1487 πόλιν
403 1420 521 1508 ταύτην
541 1428 596 1488 καί
614 1422 670 1507 τήν
692 1423 863 1510 ἐπιβουλήν
892 1430 1049 1513 ἐκφυγεῖν,
1072 1422 1212 1512 ύρμησοι

102 1530 177 1607 μέν,
203 1522 245 1599 ὥς
267 1518 353 1606 εἶχον
373 1522 511 1611 ἡμιόνων
535 1528 590 1589 καί
610 1524 714 1589 ἳππων
736 1528 791 1593 καί
809 1528 987 1611 ἀνθρώπων
1002 1526 1056 1591 καί
1075 1531 1130 1612 τῆς
1154 1520 1209 1593 olt-

104 1632 163 1711 λης
185 1628 403 1709 παρασκευῆς,
426 1624 460 1687 ἐκ
480 1627 599 1708 ταύτης
628 1625 843 1713 ἀποφοιτήσαι
870 1630 1052 1703 σπουδαίως
1070 1628 1149 1693 κατό
1171 1627 1207 1692 τό

104 1724 262 1810 λεληθός,
289 1727 330 1788 ού
347 1724 410 1808 μήν
438 1723 603 1811 ἠδυνήθην
632 1726 685 1790 διό
709 1726 742 1791 τό
768 1731 1133 1813 προκατασφαλισθήναι
1150 1726 1209 1803 τὰς

103 1826 213 1912 πύλας
240 1828 296 1909 τῆς
316 1820 438 1900 πόλεως
468 1831 600 1908 μοχλοῖς
633 1829 773 1911 σιδηροῖς
800 1828 855 1892 καί
882 1824 1022 1905 ὁπλίταις
1043 1825 1130 1914 παρύ
1154 1831 1210 1912 τῆς

59 1929 165 2000 15τού
187 1924 334 2010 Βατότζη
359 1925 526 2007 γυναικός,
560 1923 599 2009 ἢν
631 1922 647 1990 ό
672 1929 818 2011 α’νωτέρω
846 1925 938 2012 λόγος
958 1925 1128 2013 ἐδήλωσεν,
1148 1930 1236 2006 luci.
1255 1943 1344 2002 tior.

104 2028 148 2090 δι’
173 2023 311 2109 όπειλιόν
341 2029 466 2090 πολλῶν
495 2025 550 2090 καί
571 2027 766 2112 μηνυμάτων
796 2030 986 2103 κατασείσας
1007 2027 1125 2113 αύτήν,
1158 2030 1208 2094 ότι
1258 2062 1264 2069 ·

103 2126 188 2209 πρός
206 2125 343 2207 πόλεμον
377 2127 456 2213 αύτῇ
474 2127 735 2212 ουρραγήοομαι,
768 2131 824 2211 τῆς
844 2127 966 2213 ἡμέρας
995 2128 1207 2214 ίπιφοιτοόοης

102 2222 338 2311 συνεχωρήδην
363 2226 420 2309 τήν
454 2224 581 2309 ἔξοδον,
612 2226 648 2291 τό
680 2223 793 2313 ύδηλον
825 2230 1021 2317 φοβηθείσης
1040 2225 1120 2308 μετύ
1145 2230 1208 2293 τόν
1243 2228 1247 2235 ’

103 2325 224 2410 ταύτης
247 2323 343 2392 υἱέων
374 2331 430 2411 τῆς
458 2331 517 2391 τού
537 2332 679 2410 πολέμου
702 2329 869 2411 ἐκβάσεως.
922 2332 1055 2411 ίξήλδον
1079 2317 1136 2392 ούν
1155 2328 1206 2393 ἐκ·

53 2431 207 2507 noticiis,
235 2431 291 2492 καί
318 2431 374 2512 τῆς
408 2431 452 2504 εἰς
474 2428 531 2513 τήν
557 2430 708 2513 βασιλίδα
733 2429 892 2516 φερούσης
915 2429 1081 2511 ἁψόμενος
1102 2426 1205 2496 πάντα

101 2526 144 2593 τό
173 2526 352 2611 ἔμπροσθεν
381 2519 475 2613 εὗρον
496 2531 632 2615 γαλήνης
658 2536 776 2612 μεστά,
802 2534 858 2595 καί
877 2528 952 2606 τούς
971 2531 1030 2595 τού
1050 2530 1216 2612 βασιλέωςΙ

100 2628 301 2709 στρατιώτας
328 2629 610 2712 διεσκεδασμένους
637 2634 681 2706 εἰς
711 2632 970 2716 παραχειμασίαν
1002 2637 1073 2706 ταῖς
1094 2619 1206 2703 ἄλλοις

101 2728 217 2793 πόλεσι
238 2730 294 2793 καί
326 2731 447 2814 μηδένα
475 2730 626 2813 κυδοιμόν
647 2730 890 2806 ύποπτεύοντας.
944 2732 1128 2806 σπουδαίως
1149 2718 1207 2792 σύν

105 3044 133 3087 et
153 3034 363 3086 coniurationem
392 3034 506 3102 propriis
535 3032 776 3101 subscriptionibus
795 3042 822 3085 et
848 3035 1069 3087 iuribusiursnrlis
1090 3036 1206 3087 conluu.

103 3113 219 3175 gerent:
239 3105 342 3174 qnsudo
362 3105 449 3156 suteui
470 3120 536 3172 opus
548 3106 739 3157 coniurationis
758 3104 882 3171 implevit
900 3106 983 3173 etqui
1002 3104 1035 3156 ab
1055 3106 1112 3155 eius
1131 3112 1208 3170 perte

104 3178 211 3230 stabunt
239 3178 266 3227 iu
291 3185 426 3243 posterum
454 3177 522 3227 diem
541 3177 693 3227 renuntiare
722 3175 884 3240 Bryeuuiuui
903 3182 1067 3239 statuerunt,
1086 3188 1154 3225 unus
1174 3189 1208 3226 ex

104 3250 160 3313 bis,
179 3249 224 3317 qui
244 3250 342 3315 gratius
360 3262 410 3314 pro
429 3248 583 3317 quibusdam
602 3248 734 3315 prioribus
754 3247 856 3297 meritis
879 3244 979 3296 bebere
999 3245 1063 3296 mibi
1083 3243 1206 3309 debebat,

105 3322 184 3373 venit
202 3320 235 3371 sd
260 3335 301 3370 me
329 3321 488 3385 intempeste
516 3329 596 3371 nocte
623 3327 649 3369 et
674 3317 815 3370 consilium
841 3316 1028 3385 signillesbst,
1047 3318 1106 3384 ipse
1127 3314 1207 3368 vuldo

105 3393 249 3459 indignans
274 3400 302 3443 et
325 3390 407 3442 roultu
435 3390 578 3458 opprobrie
609 3393 636 3443 in
656 3390 704 3441 bos
731 3397 758 3441 et
780 3390 983 3456 despicientium
1008 3389 1112 3440 inciens
1131 3394 1161 3437 ut
1179 3387 1207 3437 in

104 3465 252 3532 prodentes
270 3463 383 3514 salutem
401 3478 473 3515 susm
494 3471 520 3514 et
538 3463 599 3515 lidei
619 3470 737 3529 pactum:
762 3462 821 3513 sino
849 3462 1002 3529 suspicione
1022 3474 1081 3509 eum
1103 3466 1129 3509 et
1147 3457 1207 3508 cle.

104 3543 210 3586 menter
228 3534 331 3596 dimisi3
351 3535 492 3585 meditatus
506 3542 594 3586 sutem
613 3536 700 3586 stetim
712 3533 804 3585 urbem
816 3531 884 3584 huuc
904 3541 930 3583 et
948 3531 1056 3583 iusidias
1077 3528 1207 3597 ellegere,

104 3606 245 3674 proiectus
264 3621 321 3657 snm
339 3606 376 3655 its
394 3613 423 3657 ut
444 3621 514 3656 erum
533 3622 592 3657 cum
611 3606 690 3658 mulis
710 3613 737 3657 et
755 3605 830 3673 equis
850 3613 877 3655 et
895 3602 1044 3654 homiuibus
1064 3608 1091 3651 et
1109 3600 1208 3651 ceteris

104 3677 319 3745 impedimentis,
345 3685 374 3728 ut
399 3692 432 3729 ex
458 3676 506 3728 buc
527 3681 647 3731 venirem
666 3678 784 3729 studiose
812 3675 888 3726 claui.
933 3689 1020 3742 neque
1041 3685 1108 3724 vero
1127 3676 1208 3739 pote.

103 3765 171 3812 τιιο,
191 3749 254 3816 quin
272 3748 429 3815 praeclusae
449 3756 525 3800 erant
543 3758 635 3817 portae
660 3748 733 3800 urbis
758 3745 878 3798 obicibus
906 3745 1001 3797 ferreis
1024 3751 1052 3795 et
1069 3758 1118 3811 per
1133 3741 1208 3793 mili.

103 3832 146 3873 tes
165 3820 257 3888 gravis
276 3827 424 3872 armaturae
448 3820 585 3873 uliatetsi
611 3835 711 3883 uxore,
739 3833 816 3887 quum
836 3818 959 3884 superior
982 3830 1069 3868 sermo
1089 3829 1207 3866 comme.
1397 3832 1426 3871 ο

101 3892 238 3954 muravit,
258 3891 344 3942 donee
371 3892 449 3942 minis
474 3888 565 3944 inultis
584 3901 611 3943 et
639 3889 864 3945 declarationibus
883 3890 1039 3939 concutiens
1059 3902 1126 3951 eom,
1149 3899 1208 3936 enm

102 3966 224 4016 dicerem
241 3962 284 4013 nie
301 3962 402 4015 bellum
422 3980 480 4014 enm
501 3979 532 4013 eu
551 3969 734 4015 consertorum
753 3976 829 4024 esse,
848 3960 891 4012 die
911 3958 1089 4011 illucescente
1108 3958 1208 4009 exitum

101 4034 261 4102 impetravi:
281 4050 339 4085 cum
358 4035 488 4086 incertum
508 4050 540 4085 eu
558 4036 663 4085 timeret
682 4048 741 4083 euru
761 4031 824 4083 liliis
844 4031 911 4083 belli
939 4039 1073 4083 eventurn.
1112 4041 1207 4096 egres-

102 4122 150 4159 sus
170 4105 255 4173 igitur
273 4122 329 4158 sum
352 4107 413 4157 inde
433 4115 460 4157 et
479 4107 548 4158 vium
572 4120 640 4174 quoe
659 4105 690 4155 sd
709 4103 800 4154 nrbern
827 4104 879 4154 lert
898 4111 992 4156 teneus
1012 4103 1100 4153 omnis
1117 4101 1207 4164 priora

102 4178 199 4231 inveni
227 4177 421 4246 tranuillitste
441 4176 537 4246 plena,
567 4184 595 4228 et
621 4177 693 4243 regis
718 4174 817 4237 milites
844 4175 978 4242 dispersos
997 4175 1024 4224 in
1045 4172 1156 4222 hiberna
1175 4167 1208 4219 ιδ

101 4250 172 4303 sliu
193 4247 292 4313 nrbes,
312 4265 400 4318 nequo
418 4250 500 4303 ullum
521 4248 622 4302 turbem
643 4247 823 4315 suspicantes:
850 4247 967 4299 studiose
989 4256 1053 4310 ergo
1071 4243 1207 4306 ingressus
