3168 4988
599 341 809 413 HISTORIA.
1138 352 1144 359 '
1179 344 1252 419 265

139 505 264 595 ύψῆλῷ
284 506 338 571 καί
362 504 439 595 θείῳ
462 508 611 591 βραχίονι
630 507 794 584 άσπασίως
816 506 871 572 καί
890 508 951 574 σύν
976 513 1073 601 πολλῆ
1089 512 1129 598 τῆ
1151 515 1254 599 εύιρη-

139 613 206 699 μία
238 612 294 674 κατ’
314 618 380 684 τοῖς
411 611 604 690 ἀλαλαγμοῖς
637 606 840 691 ύπεδίχσντο.
894 612 1130 699 μισθοφορικδν
1163 615 1192 678 δ’
1218 616 1256 679 ἐκ

142 715 208 796 τῆς
239 714 296 775 τσύ
324 711 490 774 ἀντιθέων
519 713 680 790 βασιλέως
710 713 887 796 άποστολῆς
918 717 955 799 τῆ
985 710 1064 778 κατά
1092 714 1253 780 Βιθυνίαν

145 814 270 901 Νικοίρ
293 810 533 892 ἐπιξενούμενον
564 811 618 876 καί
647 816 825 896 συντηρούν
855 818 898 901 aqi
928 818 1059 895 βασιλεῖ
1084 812 1140 899 ’τῆν
1162 815 1253 880 πάλιν

112 914 248 995 5δῆθεν
268 904 539 996 ύπερικτύπῆτον,
566 912 627 996 πρὸ
657 915 753 996 τριῶν
773 909 900 997 ἡμεροῦν
933 913 1102 979 καταλιπὸν
1122 916 1158 980 ro*
1183 913 1254 981 ἐπί-

146 1036 257 1096 ταγμα
288 1015 342 1075 καί
373 1014 426 1094 τῆς
465 1017 522 1076 τοῦ
556 1017 742 1095 πέμψαντος
781 1013 933 1098 εάηθείας
966 1012 1254 1100 κατορχιγσάμενον,

143 1113 231 1194 μετά
248 1114 397 1176 δουλικοῦ
410 1117 465 1178 κατ’
484 1116 702 1197 συντάγματος
717 1120 771 1182 καί
784 1119 946 1199 σχήματος
968 1115 1126 1199 άπῆντησε
1149 1117 1252 1205 τούτῳ

145 1216 195 1303 τῷ
222 1216 388 1300 Κοτυαείῳ
410 1219 632 1297 προσμίξαντι.
651 1220 705 1280 κατ’
725 1215 782 1299 τῆν
805 1218 952 1281 δουλείαν
980 1211 1178 1300 ὁμολογῆσαν
1201 1215 1256 1281 καί

147 1311 185 1380 τύ
207 1316 263 1397 τῆς
283 1317 419 1388 πίστεως
447 1318 682 1399 τρονσλσγῆσαν
713 1312 913 1398 ύπύδειγμα,
948 1316 1179 1401 προεπορεύετο
1201 1316 1255 1380 καί

97 1441 136 1493 10
147 1411 391 1500 προεκινδύνευε
421 1414 537 1479 τούτου
557 1415 635 1497 μετά
665 1421 726 1481 τάν
749 1406 838 1481 ἰδίων
868 1411 974 1482 ὅπλων
995 1418 1053 1480 καί
1072 1414 1176 1481 ἵππων
1199 1421 1255 1481 καί

146 1517 205 1599 τῆς
229 1508 327 1597 ἄλλης
348 1518 562 1599 παρασκευῆς.
615 1513 669 1580 διά
703 1517 869 1598 θαύματος
902 1521 929 1581 δ’
961 1514 1095 1582 ἐποιεῖτο
1130 1520 1196 1591 πῶς
1224 1513 1254 1582 ol

147 1620 283 1698 θρασεῖς
306 1617 361 1679 κατ’
380 1611 623 1696 πολεμικώτατοι
649 1622 784 1700 Τοῠρκοι
814 1621 966 1701 τιθασσού
994 1619 1050 1680 καί
1071 1613 1254 1701 χειροήθεις

147 1718 305 1799 γεγόνασι,
330 1718 387 1780 καί
404 1714 457 1780 τδν
480 1716 626 1782 δουλικὸν
658 1717 752 1801 ζυγὸν
775 1718 925 1783 ύπελθτῖν
948 1721 1179 1803 κατατίθενται,
1200 1719 1254 1785 καί

153 1817 376 1901 περινοστοῦσι
396 1819 456 1898 μὲν
477 1814 705 1899 ἱππαζόμενοι,
728 1818 919 1905 δορυφόρων
942 1822 978 1885 δὲ
996 1816 1084 1899 τάξιν
1108 1820 1254 1905 άποττλῆ-

101 1938 136 1990 15
148 1920 289 2004 ροτῖντεςΙ
302 1919 375 1984 εἶσί.

252 2017 322 2083 Καί
342 2021 442 2084 ταῦτα
466 2021 526 2100 μὲν
546 2000 872 2100 δθαυματούργούνεο
896 2024 999 2106 ’μέχρι
1024 2026 1164 2099 Νικαίας
1193 2022 1252 2087 αύ-

150 2125 225 2205 τῆς,
250 2123 309 2185 τού
330 2113 605 2203 προσκυνούμενον
627 2125 759 2204 σημείου
782 2121 830 2186 ἐπ’
852 2117 984 2201 ὀνόματι
1001 2127 1060 2187 τού
1073 2125 1252 2208 α’ρχιστρα-

149 2222 248 2307 τῆγσυ
277 2225 515 2307 προηγουμένου
537 2220 685 2309 πάντων,
707 2226 762 2287 κατ’
788 2227 1052 2308 προφυλακτικούς
1079 2222 1136 2298 τάς
1158 2224 1254 2300 ὁδούς

147 2321 392 2405 ύττανοίγοντος,
426 2326 483 2386 καί
514 2322 572 2407 τῆν
600 2326 645 2400 είς
673 2322 773 2389 ου’τύν
811 2328 916 2388 πίστιν
946 2327 1005 2386 τοῦ
1033 2324 1383 2405 βασιλεύοντοςῐ.225τ.

99 2423 290 2509 γοοτερράν
312 2423 366 2487 καί
389 2423 558 2508 άκλόνῆτον
582 2420 853 2509 ύπεμφαίνοντος,
878 2429 933 2491 καί
961 2422 1020 2508 τῆν
1039 2421 1138 2508 χάριν
1161 2419 1253 2487 διδά-

150 2549 205 2591 ναι
228 2525 418 2604 θαυμασίαν
437 2527 469 2601 ἐξ
490 2522 591 2609 ἔργων
612 2524 904 2610 παραδεικνύοντος.
948 2529 989 2613 τῆ
1010 2527 1046 2590 δὲ
1068 2528 1188 2614 Νικαίρ
1209 2527 1253 2612 τῷ

147 2631 281 2710 βασιλεῖ
306 2627 548 2708 προσεγγίσοιντι
577 2629 691 2710 χορεία
710 2650 758 2702 τις
779 2625 968 2711 ἐναρμόνιος
990 2635 1055 2704 τοῖς
1083 2630 1251 2710 ἐγχωρίοις

150 2729 287 2811 συνίστη
320 2727 374 2790 καί
395 2725 504 2811 κρότος
540 2729 714 2814 ειίφῆμίαις
742 2727 959 2815 ύπδρσεμνος,
981 2727 1105 2796 πάντων
1120 2727 1252 2814 χαρμά-

150 2852 235 2894 συνα
255 2827 400 2895 θυόντων
430 2830 485 2947 καλε·
501 2829 714 2917 χαριστήρια,
737 2832 792 2897 καί
813 2835 869 2917 τῆς
890 2837 1048 2922 σωτηρίας
1071 2854 1254 2919 προκηρυτ-

148 3169 257 3224 autem,
277 3162 321 3230 qui
342 3176 376 3212 ex
394 3158 510 3227 oppositi
529 3158 602 3226 regis
620 3157 748 3210 missione
767 3157 881 3210 Nicaeae
906 3157 1050 3223 Bithyniae
1074 3142 1251 3210 versabantur

149 3242 179 3286 et
197 3233 256 3300 regi
275 3232 418 3284 servabant
436 3231 527 3282 urbem
547 3229 640 3281 turbae
660 3236 806 3295 expertem,
826 3235 887 3279 ante
907 3237 961 3279 tres
980 3228 1038 3280 dies
1065 3226 1250 3296 relinquentes

148 3304 299 3357 mandatum
319 3313 346 3354 et
373 3305 430 3356 eius
455 3304 500 3370 qui
527 3317 573 3353 eos
596 3302 705 3356 miserat
730 3299 894 3366 simplicitati
922 3297 1080 3352 insultantes
1105 3298 1199 3351 servili
1224 3309 1251 3351 et

148 3377 244 3428 ordino
271 3383 298 3425 et
316 3375 407 3427 habitu
426 3373 595 3426 obvenerunt
614 3372 676 3424 huic
695 3373 740 3441 qui
761 3373 879 3438 Gotyaeo
900 3388 930 3423 se
949 3373 1123 3422 coniunxerat
1145 3378 1172 3421 et
1191 3386 1251 3422 ser.

148 3449 262 3500 vitutem
272 3447 428 3512 prolitentes
442 3454 468 3496 et
486 3445 547 3496 fidei
566 3453 667 3497 certum
687 3445 779 3497 dantes
797 3444 992 3506 documentum,
1012 3441 1252 3509 progrediebantur

149 3527 178 3572 et
196 3519 400 3588 propugnabant
418 3516 481 3566 huie
501 3533 559 3568 cum
579 3517 633 3568 suis
653 3518 732 3567 armis
752 3516 864 3583 etequis
885 3523 912 3566 et
931 3522 1021 3565 cetero
1032 3520 1170 3579 apparatu.
1198 3514 1252 3563 mi.

148 3589 242 3642 raculo
262 3598 348 3641 autem
368 3587 457 3650 fiebat,
480 3589 610 3655 quomodo
629 3589 718 3654 asperi
738 3596 765 3638 et
783 3586 984 3639 bellicosissimi
1003 3584 1103 3637 Tuscae
1127 3583 1205 3633 mites
1226 3591 1253 3635 et

149 3663 282 3713 mansueti
302 3661 365 3712 iacti
386 3659 439 3710 sint
467 3667 494 3710 ct
518 3659 550 3710 ad
578 3652 797 3726 servitii-iugum
822 3657 987 3709 subeundum
1014 3671 1043 3706 se
1067 3654 1202 3719 deponant
1227 3661 1254 3705 et

149 3735 315 3784 circumeant
335 3731 486 3797 equitantes
507 3738 533 3780 et
551 3729 696 3781 satellitum
717 3730 836 3780 ordinem
854 3726 991 3794 impleant.

249 3820 338 3885 Atque
357 3817 424 3868 hacc
444 3819 550 3885 quidem
568 3816 728 3868 miraculose
751 3816 849 3868 debant
868 3830 951 3882 usque
971 3814 1138 3868 adilicacam
1159 3815 1251 3881 ipsam,

147 3908 208 3944 cum
228 3891 364 3940 adoratum
384 3889 489 3955 signnm
509 3887 558 3939 sub
583 3888 690 3938 nomine
716 3888 794 3952 primi
825 3887 900 3949 dqcis
927 3887 1046 3952 praeiret
1077 3884 1198 3937 omnibus
1227 3893 1254 3935 et

147 3968 228 4015 caute
247 3961 304 4008 vias
323 3959 441 4025 aperiret
461 3960 570 4026 atregis
589 3959 666 4010 iidem
678 3958 775 4008 ineum
794 3958 891 4008 firmam
911 3965 938 4009 et
954 3960 1139 4010 inconcussam
1158 3964 1253 4008 osten.

147 4036 237 4092 deret,
267 4037 294 4079 et
323 4030 434 4094 gratiam
461 4031 574 4082 reddere
602 4028 784 4080 admirabilem
811 4029 955 4080 secundum
987 4030 1057 4081 iacta
1083 4034 1253 4079 monstraret.

148 4103 208 4170 regi
230 4106 318 4151 autem
328 4099 443 4150 nicaeae
464 4101 687 4170 appropinquanti
704 4099 800 4151 chorus
819 4102 965 4153 concinnus
984 4100 1133 4152 incolamm
1153 4098 1256 4150 adstitit

151 4183 178 4225 et
196 4172 295 4224 clamor
307 4169 433 4221 laudibus
448 4179 585 4240 augustus,
605 4170 726 4223 omuibus
742 4187 816 4224 sacra
828 4174 919 4242 gaudii
933 4180 960 4225 et
971 4173 1074 4242 gratiae
1084 4168 1255 4232 iacientibus,

151 4253 179 4299 et
198 4244 292 4298 salutis
311 4240 495 4298 nuntiantibus
516 4242 603 4311 signa,
622 4243 660 4295 ita
679 4249 708 4295 ut
727 4251 755 4296 at
776 4245 826 4312 ipsi
845 4252 986 4312 stuperent
1001 4242 1094 4296 hostes
1111 4246 1254 4309 atquotuu
