3182 4986
594 293 803 362 filotomi.
1181 296 1254 369 103

140 466 252 541 θέσεις
274 467 310 531 έν
328 465 462 549 κράνεσι,
485 462 607 541 πάντως
631 458 671 528 ἀν
692 464 750 528 οάκ
771 461 803 543 ἒξ
827 465 923 549 ἀκοῆς
943 464 1011 529 ἀλλ’
1034 469 1067 544 ἐξ
1080 469 1254 545 ου’τοπτέας

137 565 177 631 τά
207 569 345 648 καθεξῆς
370 564 555 649 παραβάσει
580 563 634 630 διά
653 571 781 653 γραφῆς
803 574 867 640 τοῖς
888 569 1067 647 μετέπειτα.

247 661 324 748 Εἶχε
342 669 403 746 μὲν
426 656 482 730 οὖν
500 670 635 748 βασιλέα
651 666 670 752 ἦ
686 668 747 732 τιόν
767 670 919 733 Βιθυνῶν
934 668 1085 753 ε’παρχιά,
1109 674 1164 735 καί
1182 676 1252 754 μετ’

140 768 252 851 αάτῆν
277 769 421 852 Φρυγία,
450 766 485 831 τὸ
508 771 594 848 θέμα
627 772 707 851 λέγω
732 767 1022 835 τάνάνατολικιὸν.
1077 773 1132 834 κατ’
1153 771 1253 856 συνῆ-

114 882 235 952 5γεντο
271 870 306 932 ἐκ
343 866 566 953 διαταγμάτων
604 868 907 954 προσφοιτησάντων
938 866 1253 954 circumpadana

138 968 351 1051 ἐξάρχοντες,
384 974 440 1032 κατ’
462 962 530 1032 ὅσοι
554 969 611 1052 τῆν
642 973 730 1049 τάξιν
753 970 952 1052 ἀνεπλήρουν
973 967 1107 1037 ἑκάστου
1130 971 1252 1055 τάγμα·

139 1093 205 1144 τος.
250 1074 306 1134 καὶ
327 1062 364 1154 ῆν
384 1073 464 1136 idaia
484 1070 557 1147 τοιίς
579 1069 765 1153 διαβοήτους
798 1070 916 1152 λάχους
937 1074 970 1149 ἐξ
993 1071 1107 1154 ὀλίγων
1128 1097 1253 1155 συγκει.

137 1173 260 1250 μένους
281 1171 428 1255 ἀνδρῶν,
451 1173 644 1236 καὶτούτων
670 1171 914 1258 συγκεκυφότων
938 1172 977 1260 τῆ
1001 1176 1090 1258 πενίρ
1113 1173 1170 1237 κατ’
1188 1200 1253 1239 πα-

140 1277 276 1346 νοπλιάς
299 1275 517 1357 ε’στερῆμένων
538 1274 595 1336 καί
616 1275 714 1337 ἵππου
738 1278 929 1358 πολεμικῆς·
973 1275 1010 1353 έιιΙ
1028 1274 1168 1349 πλείονος
1190 1274 1251 1357 γάρ

97 1375 424 1455 εθπαραμεληθέντες
445 1366 499 1437 άτε
519 1377 602 1458 μηδὲ
622 1379 780 1455 βασιλέως
801 1379 1079 1457 στρατευσαμένου
1099 1372 1153 1438 διά
1174 1381 1253 1438 πολ-

140 1475 208 1536 λῶν
233 1469 387 1538 ἐνιαυτῶν
410 1474 483 1559 περὶ
502 1474 559 1559 τῆν
580 1470 674 1555 iaia»,
709 1479 763 1540 κατ’
784 1477 835 1541 τὸν
858 1475 1081 1562 ἀφωρισμένον
1102 1473 1249 1558 ἀψωνιαυ

139 1573 223 1653 ομὸν
243 1572 288 1657 μῆ
315 1576 538 1662 ἀπειληφότες,
562 1580 617 1641 κατ’
637 1573 718 1642 κατά
740 1575 853 1660 μικρὸν
875 1578 940 1653 τοῖς
963 1579 1115 1651 ἐναντίοις
1136 1579 1170 1641 εἰι
1193 1580 1247 1664 τῆς

141 1673 431 1759 άπαραοκευάοτου
464 1683 639 1764 προσβολῆς
673 1682 727 1744 κατ’
752 1679 876 1761 λυπρᾶς
901 1681 1171 1758 καταβαλλόμενοι
1196 1681 1253 1742 ιιαιΙ

140 1774 338 1857 τρεπόμενοι,
363 1773 464 1854 οὕτως
485 1783 530 1854 εἰς
543 1781 679 1864 ἐσχάτην
698 1784 917 1862 ταλαιπωρίαν
936 1783 1159 1856 συνελαθέντες
1182 1781 1250 1844 δει-

96 1883 130 1935 15
141 1876 191 1940 iar*
211 1882 268 1942 κατ’
290 1878 458 1955 ἀνάλκιδες
480 1879 535 1944 κατ’
556 1881 637 1971 πρὸς
650 1883 742 1945 ου’άέν
762 1891 903 1963 γενναῖον
918 1880 1168 1965 χρησιμεάοντες
1189 1903 1249 1943 κα-

138 1978 338 2064 τεφαίνοντο.
392 1980 435 2056 ἀς
464 1984 499 2048 dd
520 1987 578 2046 κατ’
598 1981 700 2058 αὐτάς
734 1985 791 2058 τάς
815 1983 955 2064 σημαιάς
974 1963 1150 2064 μονονουχέ
1168 2007 1246 2047 σιω-

137 2081 247 2163 πιγρῶς
271 2079 537 2166 ἀποφθέγγεσθαι
558 2086 677 2162 ταῦτα,
700 2081 836 2166 πιναράς
859 2078 1022 2164 ὁρωμένας
1049 2077 1154 2166 ὥσπερ
1181 2083 1244 2147 άπά

137 2183 263 2243 τιαπνοιῖ
284 2184 340 2244 καὶ
360 2183 502 2257 ἀπαδοάς
523 2185 737 2268 έφεπομένους
770 2179 906 2265 ε’χοάσας
933 2176 1172 2266 εάαριθμῆτους
1193 2187 1248 2247 κατ’

136 2279 320 2363 πενιχροάς.
373 2281 491 2367 πολλῆν
519 2284 663 2364 ἀθυμίαν
684 2290 843 2367 προσῆγον
873 2285 1147 2364 ἀναλογιζομένοις
1170 2276 1247 2346 ὅθεν

86 2383 194 2447 20καί
214 2384 287 2446 τίνα
309 2381 427 2466 τρόπον
449 2385 494 2457 εἰς
518 2384 553 2447 τό
577 2387 711 2468 ἀρχαῖον
733 2381 994 2448 ἐπανελεάσονται
1018 2381 1073 2446 καί
1089 2379 1145 2466 τῆν
1165 2404 1246 2464 προ-

134 2486 232 2565 τέραν
256 2478 350 2560 ἀξίαν
370 2483 405 2548 ad
423 2485 657 2569 στρατιωτικόν,
674 2487 728 2550 κατ’
750 2483 801 2549 διά
819 2484 918 2549 πόσου
939 2489 996 2549 τοῦ
1018 2482 1137 2568 χρόνου
1161 2485 1244 2548 ἀνα-

136 2588 315 2665 atticano,
338 2590 400 2650 τάν
420 2589 479 2665 μὲν
498 2588 772 2669 ὑπολελειμμένων
793 2595 861 2661 τοῖς
883 2588 1040 2669 τάγμασιν
1055 2587 1169 2669 ἀλέγων
1193 2579 1244 2649 ὅν.

136 2708 202 2747 των
224 2687 280 2749 ναι*
300 2688 526 2768 ἀπορουμένων
550 2697 615 2763 τοῖς
636 2683 743 2763 ὅπλοις
765 2690 819 2752 καί
839 2696 902 2763 τοῖς
926 2689 960 2751 έκ
982 2689 1044 2753 τάν
1066 2688 1169 2753 ἵππων
1194 2710 1244 2749 κι-

210 2871 236 2926 7.
256 2872 357 2946 λόχους
375 2880 423 2931 καὶ
441 2869 580 2949 λοχαγοιλς
598 2878 628 2940 ἐξ
644 2874 674 2931 0.
729 2866 731 2870 ⁴
765 2874 807 2930 16.
826 2891 860 2929 an
880 2873 974 2934 ὥοτελ

136 3048 255 3113 indiciis,
276 3050 384 3101 omnino
403 3065 456 3101 non
479 3065 493 3101 c
513 3048 591 3101 fando
612 3051 659 3102 aed
679 3065 712 3102 ox
730 3052 764 3102 iia
783 3066 852 3119 quae
869 3052 927 3117 ipro
947 3051 1023 3115 vidit,
1035 3050 1243 3116 dcincopaiacta
1323 3058 1327 3064 '

136 3121 225 3172 tradet
244 3120 313 3173 libro
332 3123 457 3189 portoria.
1059 3140 1063 3151 ⁴
1096 3156 1100 3167 .

239 3209 360 3263 Habebat
378 3212 460 3278 igitur
480 3226 571 3278 regem
591 3211 730 3277 provincia
749 3211 923 3277 Bithynorum
945 3217 971 3259 et
990 3217 1049 3275 pont
1077 3223 1133 3258 cam
1154 3206 1241 3273 Phry.

134 3285 192 3353 gia,
212 3282 380 3351 provinciam
401 3282 566 3352 (legionem)
587 3283 646 3333 dico
668 3283 795 3344 orientia,
816 3290 842 3333 et
861 3279 1024 3345 cogebamur
1045 3295 1078 3330 ex
1104 3277 1241 3330 ordinibus

134 3354 344 3407 advenientibus
368 3355 488 3406 ordinum
508 3354 637 3420 praefecti
658 3355 856 3422 etquicunque
880 3353 965 3402 aciem
985 3350 1128 3417 capiebant
1148 3351 1240 3401 cuiun.

134 3442 190 3496 qua
216 3427 335 3487 ordinis,
362 3434 388 3476 et
414 3433 536 3493 poteraut
560 3427 674 3492 spectari
703 3425 826 3477 celebrer
849 3423 987 3476 centuriae
1007 3430 1034 3473 ot
1053 3423 1240 3485 centuriones,

135 3517 172 3551 ιτ
186 3500 279 3565 paucis
306 3500 470 3564 compositae
494 3499 560 3549 viria
586 3501 674 3568 iisque
694 3501 829 3551 cururatia
850 3504 968 3565 egestate
988 3504 1015 3545 et
1032 3495 1110 3544 armia
1129 3494 1242 3559 privatin

135 3580 164 3623 et
185 3571 305 3639 equitatu
324 3568 406 3620 belli:
426 3571 562 3620 maximam
582 3572 651 3622 enim
671 3579 771 3637 partonr
789 3570 924 3638 neglecti,
941 3582 998 3617 curn
1018 3581 1052 3615 ne
1072 3580 1120 3615 τοι
1138 3563 1243 3632 quidem

134 3643 277 3712 proiectura
306 3650 378 3692 esset
407 3657 455 3708 prr
481 3640 578 3691 multoc
604 3658 687 3693 nnnoa
713 3644 782 3693 circa
814 3643 967 3701 orienti-m,
994 3651 1082 3704 nequo
1108 3635 1244 3687 definitum

133 3723 313 3768 commeatum
332 3714 421 3779 adepti
442 3718 569 3780 ctpaenc
589 3713 622 3764 ab
642 3712 761 3764 boatibua
792 3720 901 3778 propter
930 3711 1081 3775 imparatam
1107 3708 1243 3759 incurrio-

132 3802 197 3838 nem
218 3794 246 3835 rt
265 3786 386 3836 rniacrarn
406 3784 504 3835 (iniecti
525 3791 551 3834 et
569 3786 652 3848 verni,
671 3786 708 3836 ita
727 3785 753 3833 in
775 3791 916 3834 extremam
935 3781 1068 3831 miceriam
1088 3781 1175 3832 coacti
1197 3781 1243 3848 ig·

131 3860 199 3911 navi
220 3866 248 3907 ct
265 3857 361 3908 indrrni
384 3867 410 3908 et
438 3857 469 3907 ad
488 3856 588 3908 nnllam
617 3873 672 3908 ram
695 3855 814 3907 nobilem
839 3853 919 3905 utilea
947 3851 1125 3920 apparebant,
1151 3853 1188 3902 ito
1214 3860 1244 3902 ut

131 3935 194 3997 ipsa
213 3929 291 3993 cigna
312 3928 437 3979 militaria
464 3944 550 3995 pncnc
576 3930 657 3980 tacite
677 3928 743 3980 baec
767 3933 933 3992 enarrarent,
959 3924 1064 3976 aordida
1088 3925 1243 3991 apparentia

131 4003 212 4071 quani
232 4001 321 4061 inmo,
349 4008 376 4050 et
408 4001 518 4050 comites
538 4001 662 4051 irobontin
680 4007 822 4066 aequentur
843 4008 869 4050 et
882 4011 980 4064 paucos
1000 4004 1027 4046 et
1046 4011 1198 4063 pauperes,
1217 3995 1242 4044 id

132 4073 207 4143 quod
226 4071 336 4122 multam
355 4072 489 4140 ignaviam
509 4072 616 4123 afferret
635 4069 828 4138 reputantibus,
849 4071 918 4122 unde
931 4078 958 4120 ct
971 4068 1103 4137 quomodo
1123 4068 1149 4116 in
1171 4067 1241 4116 anti.

133 4160 218 4214 quum
238 4143 359 4195 redirent
380 4151 406 4193 et
432 4143 547 4210 priorem
569 4144 723 4211 dignitatern
750 4145 883 4195 exercituo
902 4150 930 4193 et
947 4157 995 4208 per
1026 4145 1150 4207 quantum
1173 4143 1242 4185 tenr-

130 4230 186 4286 paa
217 4220 371 4279 revocaret,
391 4229 450 4266 cum
469 4212 558 4266 relicti
578 4206 713 4267 ordinibus
732 4216 809 4282 pauci
830 4221 919 4267 errent
937 4220 963 4263 et
976 4208 1144 4263 inexercitati
1164 4204 1242 4254 armis
