3150 4986
556 310 782 383 msnoam.
1038 308 1041 317 ’
1154 313 1229 387 sos
1295 392 1308 409 ,

123 483 300 569 stotonae,
323 482 379 550 καί
397 491 482 551 σίτον
501 486 536 551 έκ
559 481 678 549 τούτων
698 487 801 559 κακῶς
822 476 1070 569 α’φαιροδμενος,
1093 488 1148 551 καί
1168 480 1231 568 ’βα-

125 590 221 671 ρείας
240 582 425 670 ἀπαιτήσεις
450 585 530 670 ὑπέρ
542 587 610 648 ’ταῖν
633 588 823 649 τοπιατικοδν
837 584 1110 670 εἰσπραττόμενος,
1131 583 1231 670 ἤνοῖγ.

125 687 207 766 καζε
231 685 289 769 τὴν
309 688 426 768 πρᾶσιν
449 683 501 748 διὰ
526 682 562 748 τὸ
587 689 847 766 ναινοτομεῖσθαι
868 686 1044 760 πολυειδῶς
1068 688 1230 755 ένδτεοτέ.

124 810 193 868 ραν
215 795 326 851 ποιεῖν.
373 785 429 852 καί
448 779 547 860 οὕτως
577 786 773 869 τρεφομένου
800 785 857 850 τοῦ
887 783 1065 871 φοένδαιισς
1085 788 1131 861 τίς
1156 788 1231 853 οἰδι-
1345 866 1351 879 1

100 889 203 951 exter
237 884 494 972 ἀπαραμύθητον
520 886 663 962 έξέπιπτε
685 883 724 949 τοὶ
756 890 813 970 τῆς
838 889 993 968 προτέρας
1021 885 1173 970 εὐθηνίας
1193 889 1231 973 τῇ

126 986 285 1073 πολιτεία,
304 988 361 1050 καί
379 986 523 1069 περιέστη
545 981 608 1049 οῗπδ
634 986 710 1050 δέκα
733 989 789 1050 κατ’
801 982 883 1074 δκτοδ
897 986 1074 1066 μαδίοονείς
1094 987 1149 1050 ἕνα
1168 984 1231 1065 μό-

125 1086 203 1148 διον
232 1088 288 1149 τοῦ
318 1086 510 1167 νομίσματος
542 1085 561 1168 ἧ
592 1090 649 1149 τοῦ
670 1085 759 1150 σίτου
789 1091 914 1169 πριῑσις.
964 1081 1230 1168 έκομμερκεέοντο

126 1180 193 1267 γὰρ
215 1181 329 1270 ἔκτοτε,
352 1188 415 1271 φεῦ
435 1188 491 1269 τῆς
509 1188 698 1266 πλεονεξίας,
718 1187 758 1250 oo'
769 1184 867 1267 μόνον
888 1184 922 1250 αδ
941 1189 1123 1271 πυροφόροι
1143 1181 1231 1266 ἅμα-

127 1287 207 1367 ξαι,
236 1283 317 1350 ἀλλά
345 1285 401 1349 καί
418 1282 457 1351 τοὶ
484 1283 579 1350 λοιποὶ
601 1280 698 1371 ὄντα,
725 1283 786 1351 ὅσα
810 1291 942 1370 πλησίον
972 1290 1092 1352 έκεινον
1119 1286 1232 1369 παρσέ-

86 1386 236 1452 λθδεοον.
282 1388 467 1471 α’πείργοντο
496 1388 531 1450 δέ
560 1386 615 1450 καί
640 1384 669 1451 οἱ
700 1390 755 1469 τῆς
787 1385 968 1472 περιχώρου
988 1389 1106 1471 ἐκείνης
1126 1381 1230 1452 unici

126 1483 390 1567 τῆςῬαιδτστοῦ
407 1483 526 1552 ἔποικοι
548 1494 663 1553 πωλεῖν
683 1487 723 1571 τοὶ
747 1484 815 1553 ἴδια
837 1482 975 1571 γεώργια
993 1490 1027 1552 έν
1049 1495 1118 1562 ταῖς
1141 1479 1256 1554 ἐστι’·λ.
1272 1497 1325 1555 210
1337 1484 1365 1553 ’τ.

129 1608 182 1659 ατς
208 1586 324 1649 αδτοδν.
369 1588 548 1674 α’φηροῦντο
567 1589 602 1652 δέ
623 1586 717 1652 καίοὶ
736 1589 883 1670 μέδιμνοι
904 1586 959 1650 κατ’
973 1583 1068 1668 μόνος
1090 1584 1105 1651 δ
1127 1584 1229 1672 φὀὕν-
1282 1616 1285 1629 ·

127 1685 189 1762 δαξ
212 1687 274 1750 τοῖν
305 1674 468 1769 μέδιμνον
497 1684 622 1773 ὑπῆρχε
653 1691 771 1772 κύριος.
822 1682 900 1770 ὅπερ
924 1686 1075 1752 οὐδέποτε
1094 1691 1228 1770 γέγονεν,

127 1786 199 1850 οὐδ’
222 1784 239 1849 δ
264 1779 351 1869 ἥλιος
375 1781 441 1851 εἶδε
463 1793 602 1853 τοιοῦτον
624 1788 774 1873 ἀδίκημα.
831 1789 861 1853 τί
878 1788 939 1872 γὰρ
963 1791 1158 1873 προσηγγέλη
1181 1810 1229 1862 τις

84 1882 281 1968 λόποολὴσας
309 1882 417 1951 οἴκαδε
442 1894 527 1951 cisoa
553 1890 586 1966 έξ
606 1878 651 1952 οἷν
680 1888 884 1973 έγεοέργησεν,
906 1883 948 1962 οδς
969 1886 1088 1973 φονεύς
1110 1881 1131 1971 ἢ
1153 1891 1228 1968 βια-

126 1982 207 2067 στὴς
226 1978 248 2069 ἢ
267 1980 385 2050 ἄτοπόν
403 2008 432 2050 τι
466 1984 570 2070 ἕτερον
600 1983 773 2073 πεπραχοδς
795 1984 968 2070 έδημοτέετο
994 1990 1049 2051 κατ’
1070 1983 1228 2071 ἡρπάζετο

124 2084 217 2166 παρα
259 2087 318 2148 τοῦ
355 2087 595 2179 έπιστμεοῦντος
631 2091 673 2174 τῷ
702 2085 871 2173 φούνδακι.
919 2086 1066 2169 παρῆσαν
1091 2083 1153 2169 γὰρ
1184 2093 1228 2175 τῷ

125 2187 357 2275 φαανδακαρίῳ
379 2190 413 2252 έκ
434 2187 537 2272 πόσης
557 2190 645 2263 ἰδέας
658 2186 842 2270 κακούργων
862 2179 940 2267 ἄχρι
952 2186 1014 2250 τῶν
1035 2181 1149 2250 ἑκατὸν
1167 2210 1228 2251 τα-

124 2286 236 2362 borea
260 2283 446 2367 ταττόμενοι
476 2292 549 2373 παρ’
577 2288 697 2369 αὐτοῦ,
718 2285 773 2352 καί
793 2286 869 2362 τούς
888 2282 1044 2359 έλεεινοδς
1066 2272 1227 2367 έμπόρσνς

79 2383 183 2451 went*
206 2383 365 2469 γεωργοδς
394 2394 519 2464 πολλοῖς
549 2391 692 2472 α’νιαροές
713 2392 937 2473 περιέβαλλον·
987 2385 1041 2450 καί
1061 2385 1167 2461 ον’δείς
1188 2377 1227 2467 ἦν

125 2484 142 2550 δ
168 2485 355 2567 ἀντιστῆναι
375 2488 498 2563 τούτοις
527 2489 698 2570 δυνάμενος
725 2492 769 2574 τῷ
789 2510 821 2565 τε
850 2488 966 2571 πλήθει
991 2486 1227 2568 δυσκαταγωνιί

122 2609 212 2661 στοις
231 2579 305 2650 eder
327 2588 383 2651 καί
410 2590 447 2673 τῇ
470 2590 638 2678 δνναστείρ
658 2591 715 2653 τοῦ
745 2592 913 2672 λογοθέταα
946 2585 979 2652 td
1003 2587 1123 2671 θρέσος
1146 2584 1228 2651 α’κοὶ-
1249 2600 1262 2611 ’

123 2690 239 2752 θεκτον
258 2684 378 2770 έχουσι.
424 2692 479 2753 κατ’
497 2687 513 2752 ὃ
535 2690 594 2771 μὲν
615 2688 638 2767 ξ’
659 2688 849 2772 tepuistis
870 2689 1036 2775 φοδνδακα
1055 2687 1228 2772 producti-

202 2845 228 2898 7.
246 2846 483 2919 διιτομερκεδοντο
504 2846 534 2903 0.
609 2848 651 2901 12.
670 2860 762 2917 margo
780 2847 892 2921 μόδιοι.

123 3008 165 3063 lie
185 3020 275 3060 rernm
293 3009 320 3059 in
340 3022 372 3061 ea
390 3016 461 3062 terra
479 3010 694 3078 provenientium
714 3010 849 3078 exigebat,
869 3011 985 3080 cogebat
1011 3026 1058 3065 sos
1085 3015 1226 3067 venditio.

124 3094 201 3142 nem,
220 3079 344 3132 novando
363 3096 407 3132 res
426 3082 501 3133 sorio
520 3081 607 3144 modo,
628 3081 782 3132 inferiorern
803 3096 950 3132 exercere:
977 3089 1058 3149 atquc
1084 3085 1122 3134 ita
1146 3094 1226 3138 nocto

125 3152 229 3203 horreo
248 3151 281 3202 ad
299 3152 455 3203 iniustitiam
473 3154 598 3203 immitem
621 3151 711 3202 exibat
728 3153 801 3218 prior
821 3149 939 3201 felicitas
962 3153 1082 3214 eivitati3
1102 3160 1129 3203 et
1153 3162 1227 3206 tanta

125 3224 199 3275 iacta
219 3229 259 3272 est
278 3224 422 3274 conversio
441 3230 471 3274 ut
496 3232 573 3274 autea
596 3222 780 3290 duodeviginti
808 3222 933 3273 frumenti
953 3221 1033 3272 modii
1059 3237 1119 3273 osse
1145 3225 1226 3275 veni.

124 3301 199 3356 rent,
218 3294 270 3344 ianr
289 3308 357 3345 onos
383 3296 486 3347 modius
512 3308 543 3344 eo
569 3294 656 3360 pretio
684 3300 825 3344 constaret.
871 3294 898 3343 in
925 3293 1110 3344 commercium
1137 3303 1225 3348 sotem

124 3362 330 3417 deducebantur
350 3380 383 3416 ex
404 3380 435 3416 eo
455 3372 584 3431 tempore,
604 3363 657 3414 heu
676 3365 823 3429 avaritiam,
842 3378 897 3415 non
916 3362 1001 3414 solum
1027 3364 1109 3415 tritici
1133 3380 1226 3418 currus

121 3436 175 3489 sed
197 3436 274 3486 etiam
293 3435 415 3503 reiiquao
434 3449 547 3499 meroes,
567 3450 741 3504 quaecunque
760 3451 844 3503 prope
864 3433 930 3486 iliud
947 3435 1154 3501 proveniebant.
1173 3439 1225 3488 im-

123 3505 305 3574 pediebantur
325 3514 413 3559 autem
432 3515 459 3558 et
477 3506 584 3557 incolae
603 3508 748 3559 vicinitatis
767 3506 840 3559 iliius
861 3514 888 3558 et
905 3506 1133 3570 Raidestivicini‚
1155 3522 1225 3576 qno.

124 3580 215 3629 minos
236 3578 382 3629 venderent
401 3577 492 3645 fruges
511 3593 571 3628 suas
589 3579 617 3629 in
636 3580 691 3629 suis
722 3578 859 3630 domibus:
888 3585 915 3628 et
940 3576 1121 3628 adimebantnr
1146 3579 1225 3631 etiam

123 3647 210 3700 modii
232 3648 409 3711 irnrneoturii‚
429 3657 456 3701 et
473 3647 561 3700 solum
581 3648 870 3702 borreumemodiorum
891 3655 948 3698 crat
972 3648 1124 3714 particeps:
1154 3650 1224 3718 quod

100 3722 262 3787 -uunipuum
283 3718 380 3770 iactum
400 3727 458 3771 erat
475 3736 563 3788 neque
582 3719 623 3773 sol
643 3721 745 3773 rideret
764 3718 844 3771 talem
856 3719 987 3770 iniuriam.
1008 3720 1106 3770 etenim
1124 3722 1146 3773 si
1167 3723 1225 3790 quis

119 3789 332 3843 denuntiabatur
344 3791 497 3844 vendidisse
509 3790 579 3843 domi
597 3792 755 3844 frumentum
770 3806 804 3843 ex
820 3792 854 3842 iis
873 3804 941 3859 quae
951 3804 1016 3858 agro
1027 3789 1141 3845 colendo
1159 3808 1225 3862 pro.

119 3862 239 3924 iecerat,
259 3868 383 3929 tanquam
406 3863 564 3915 interfector
582 3864 627 3915 vei
645 3864 714 3915 latro
734 3860 779 3914 vel
798 3862 874 3929 quasi
893 3863 1006 3915 immone
1026 3862 1225 3932 qnidperspis.

119 3941 177 3996 set,
197 3932 413 3999 proscribebatur
424 3942 451 3985 et
469 3933 643 3999 diripiebatur
662 3949 678 3984 a
695 3933 818 3999 praeside
837 3932 937 3999 horrei,
957 3932 1067 3985 aderant
1086 3936 1155 3986 enim
1175 3937 1225 3987 ad.

119 4004 299 4056 ministratori
320 4003 410 4054 borrei
433 4020 467 4055 ex
486 4006 556 4055 omni
575 4020 677 4072 genere
696 4002 872 4056 scelestorum
890 4020 975 4075 usque
993 4004 1026 4056 ad
1052 4014 1156 4059 centum
1176 4022 1226 4072 ap.

120 4076 269 4144 petitores,
290 4076 403 4126 instituti
423 4075 455 4126 ab
482 4090 529 4139 eo,
549 4085 576 4128 et
593 4078 704 4127 miseros
733 4083 894 4128 mercatores
920 4086 947 4129 et
978 4075 1111 4143 agricolas
1136 4076 1225 4127 multis

119 4144 259 4199 molestiis
279 4145 489 4199 circumdabunt:
512 4163 600 4215 neque
619 4148 758 4216 quisquam
778 4156 844 4211 erat,
863 4151 907 4216 qni
927 4148 1055 4201 resistere
1074 4148 1116 4199 his
1135 4152 1226 4213 posset

121 4224 151 4271 et
168 4214 342 4271 multitudine
361 4216 585 4289 impugnabilibus
605 4225 632 4270 et
649 4217 799 4287 principetur
819 4218 1121 4289 logothetseaudscism
1136 4216 1224 4284 impo-
