3222 5000
381 354 419 406 n
584 338 822 404 wtaornrm
854 339 1030 403 sauneri
1060 340 1115 401 m:
1143 323 1293 403 rursm

481 502 645 606 Ἱστορία
677 508 875 609 ἐκποθεῖσα
910 505 1011 600 παρὰ
1037 506 1198 603 Μιχαὴλ
1233 500 1486 600 αἰδεοιμωτά-

383 658 453 702 του
483 637 611 731 κριτοῦ
633 630 693 701 ἐπὶ
718 635 787 700 τοῦ
822 624 1055 728 ἱπποδρόμου
1087 629 1150 699 καὶ
1175 637 1246 702 τοῦ
1271 630 1384 727 βήλου
1416 639 1487 701 τοῦ

385 756 668 827 Ἀτταλειάτου.
728 755 888 828 Praefixa
915 770 970 829 est
999 734 1151 854 epistola
1177 756 1404 830 dedicatoria
1440 756 1486 829 ad

385 879 643 981 imperatorem
670 882 916 979 Nicephorum
940 882 1177 965 Bolaniatem.
1231 884 1303 956 Res
1328 906 1485 978 quarum

387 1010 466 1106 ipse
486 1008 587 1080 testis
611 1008 740 1101 extitit,
764 1008 864 1079 brevi
893 994 1057 1104 quodam
1084 1007 1260 1083 orationis
1283 986 1429 1105 genere
1446 1034 1489 1080 ac

384 1133 540 1230 simplici
564 1157 710 1205 narrare
727 1157 766 1205 se
792 1131 985 1229 profitetur
998 1134 1022 1220 ¹)
1045 1123 1130 1231 ’περὶ
1156 1124 1202 1203 ὧν
1228 1131 1293 1202 οὐκ
1318 1130 1411 1228 α’κοῇ
1424 1131 1487 1202 καὶ

371 1257 518 1353 ,μύθοις
537 1257 680 1353 ἑτέρων
695 1254 908 1354 παρέλαβον
935 1255 1022 1325 ἀλλ’
1036 1248 1082 1325 ὧν
1108 1255 1296 1337 αὐτόπτης
1319 1254 1381 1324 καὶ
1394 1259 1488 1325 Seu-

386 1384 450 1464 τὴς
477 1381 728 1480 ἑχρημάτισα.
782 1377 976 1451 Exorditur
997 1404 1018 1451 a
1043 1380 1217 1452 Michaele
1239 1381 1488 1478 Paphlagone,

390 1507 455 1603 qui
483 1530 581 1577 anno
609 1502 740 1574 Christi
771 1505 866 1576 1034
902 1504 1100 1599 imperator
1130 1503 1243 1575 lactus
1269 1517 1334 1574 est.
1393 1503 1485 1576 lude
1598 1542 1599 1551 ο

385 1630 556 1726 quinque
581 1628 813 1723 sequentium
827 1632 1072 1725 Augustorum
1097 1630 1185 1699 vitas
1212 1629 1370 1700 breviter
1396 1654 1485 1725 per·

388 1753 571 1848 sequitur3
606 1776 688 1823 cum
717 1766 838 1824 autem
874 1750 919 1824 ad
952 1754 1103 1825 Romani
1133 1754 1304 1851 Diogenis
1342 1768 1378 1825 et
1414 1755 1488 1829 Mi-

387 1877 522 1948 chaelis
542 1878 673 1947 Ducae.
685 1890 852 1973 tempora
876 1880 1056 1974 pervenit,
1083 1903 1242 1974 quorum
1270 1880 1337 1950 sub
1367 1879 1487 1977 impe·
1598 1892 1599 1979 ᾗ

389 2002 445 2073 rio
470 2002 576 2073 variis
600 2000 744 2072 functus
771 2016 824 2073 est
849 2004 1128 2099 magistratibus,
1139 2004 1210 2074 iam
1237 2005 1340 2075 aulae
1368 2020 1490 2076 muta-

310 2130 313 2137 '
387 2126 478 2197 biles
502 2139 629 2218 status,
644 2126 863 2223 bellicasque
885 2127 1136 2223 expeditiones
1159 2128 1294 2223 quibus
1312 2129 1491 2222 interluit,
1598 2140 1599 2153 ¹

389 2251 500 2324 lusius
526 2240 672 2323 narrare
697 2250 830 2347 coepit.
882 2251 1091 2347 Nicephoro
1114 2252 1276 2348 denique
1297 2254 1491 2326 Botauiate

388 2376 513 2448 omnia
537 2396 632 2474 quae
658 2399 725 2472 per
738 2377 929 2447 biennium
954 2390 1051 2473 gesta
1074 2390 1158 2448 sunt
1179 2378 1333 2449 summis
1357 2403 1492 2450 cumu-

385 2502 436 2572 lat
459 2499 647 2585 laudibus,
675 2514 815 2572 caetera
842 2499 1018 2597 deinceps
1043 2526 1080 2573 se
1108 2480 1303 2575 relaturum
1331 2504 1493 2600 promit·
1586 2507 1599 2517 ”

387 2633 521 2711 tens2).
550 2610 756 2696 Botaniates
782 2649 867 2696 vero
897 2639 981 2722 post
1005 2627 1147 2723 aliquot
1173 2652 1316 2712 menses
1335 2629 1381 2699 ab
1405 2628 1493 2700 tte-

388 2750 450 2820 xio
474 2720 668 2820 Comueno
693 2750 828 2846 palatio
857 2751 1024 2847 expulsus
1061 2751 1097 2821 in
1131 2753 1394 2823 monasterium
1432 2778 1494 2825 se·

267 2866 274 2877 ’
390 2874 512 2946 cessit:
536 2871 634 2945 unde
663 2874 847 2947 coniicere
879 2874 996 2971 possis
1031 2875 1068 2945 in
1100 2888 1171 2946 tam
1208 2876 1328 2947 subita
1366 2903 1493 2950 rerum

389 2999 595 3071 mutatione
624 3012 809 3092 nostrum,
846 3000 874 3070 si
902 2997 1016 3070 modo
1039 3001 1183 3096 patroni
1210 3002 1338 3074 ruinae
1360 3028 1496 3100 super·

387 3102 458 3196 luit
483 3124 608 3211 cliens,
638 3148 682 3193 nc
708 3124 842 3220 prioris
855 3123 1000 3195 domini
1015 3123 1141 3196 laudes
1155 3124 1300 3197 crimini
1323 3129 1394 3200 sibi
1410 3154 1496 3200 rer·

386 3263 565 3344 terentur,
595 3247 684 3319 nihil
713 3248 826 3346 magis
853 3262 995 3345 optasse
1013 3274 1123 3346 quam
1152 3252 1245 3321 utin
1261 3252 1495 3324 oblivionem

388 3375 540 3447 reniret.
595 3370 708 3466 Quod
735 3374 767 3446 ci
795 3372 859 3446 diu
895 3388 931 3445 et
957 3354 1075 3445 lorsan
1109 3376 1201 3446 ultra
1234 3400 1337 3471 spem
1370 3379 1526 3449 conti-'

386 3503 478 3600 gisse
501 3499 653 3574 videtur.
680 3501 819 3572 Nullam
848 3500 945 3568 enim
975 3499 1050 3569 eius
1076 3498 1174 3596 apud
1201 3504 1401 3598 scriptores
1429 3506 1500 3600 qui

390 3620 519 3696 eadem
548 3610 664 3696 aetate
691 3624 907 3717 floruerunt,
926 3623 1152 3694 mentionem
1178 3624 1337 3696 invenio.
1395 3624 1500 3699 Con-

388 3760 486 3819 stant
512 3760 634 3818 tamen
661 3749 720 3819 illa
747 3747 793 3818 de
823 3748 934 3818 nostri
962 3746 1063 3820 libris
1090 3774 1132 3825 ac
1154 3751 1244 3844 vita,
1277 3750 1417 3848 partim
1454 3779 1501 3826 ex

390 3872 468 3943 eius
495 3868 603 3942 dese
630 3870 710 3962 ipso
736 3873 964 3942 testimoniis.
1029 3873 1107 3944 Fuit
1131 3874 1282 3945 Michael
1306 3876 1505 3950 Attaliates

389 4047 625 4059 *σου*
632 4048 665 4056 -ι

492 4132 520 4201 1)
542 4127 592 4181 lol.
615 4128 665 4182 168
682 4137 768 4181 recto.
922 4118 930 4177 l

488 4228 520 4296 2)
541 4224 589 4278 lol.
609 4224 662 4279 239
683 4238 772 4277 verro.
