3150 4986
496 363 705 437 moronti.
1038 444 1042 451 ,
1100 366 1174 440 tut>

67 533 125 617 τῆς
145 528 184 596 τό
206 532 296 595 &rios
316 527 700 613 συναντιλαμβανόμενον,
721 527 759 597 τά
781 553 816 597 τε
839 536 903 599 τάν
923 532 1074 602 όναντιάν
1095 538 1173 618 lpo-

66 632 135 717 η’θη
154 631 324 716 άπόρρητα
341 630 396 695 κατ’
415 629 678 712 κατορθωμάτων
699 634 755 698 καί
776 635 974 719 αόχημάταν
995 636 1171 720 άπήλαυσε.

173 732 244 797 Tmo
267 732 315 817 ιδὲ
337 734 457 796 λοιπῶν
478 732 579 797 αότοῦ
607 736 858 818 προτερημάτων
886 741 1050 802 ποιεῖσθαι
1071 738 1173 803 κατά-

66 842 160 919 λογον
182 830 332 916 περιττόν
353 832 478 907 πάντας
499 835 538 918 τῇ
564 834 711 923 παροόση
733 839 853 923 γραφῇ.
876 834 996 920 πλήρης
1017 836 1077 920 γάρ
1100 837 1171 904 rori·
1181 838 1200 893 f·
1210 839 1302 897 21652

45 955 131 1009 5ταν
160 938 247 1001 πάσα
279 930 390 1020 γραφη
414 957 449 997 τε
473 938 527 998 καὶ
546 934 689 1018 ποίησις,
717 930 802 1011 όπας
823 932 1085 1021 ἑκατοντόχειρας
1106 964 1172 1019 μυ·
1205 940 1212 951 ’

66 1036 185 1123 ριοὶδας
209 1032 357 1120 Ἀράβων
382 1030 441 1098 δόο
471 1033 746 1120 άκαταμαχητονν,
780 1033 886 1122 ὥσπερ
908 1061 957 1113 τις
991 1037 1169 1122 άσοόματος,

65 1137 301 1222 ιαταστράψας
322 1133 428 1210 πόλεις
449 1132 636 1219 όμυθητονς
653 1135 872 1214 ὑποσπόνδους
886 1137 1046 1222 πεποιήιιε,
1067 1136 1170 1222 τόντε

63 1235 209 1321 μεγάλην
242 1233 438 1318 Ἀντιόχειαν
469 1236 526 1298 καί
548 1234 732 1321 Μελιτηνην
759 1236 882 1321 Ταρσόν
901 1262 935 1303 τε
966 1240 1020 1302 καὶ
1039 1241 1069 1303 Γ
1067 1261 1170 1322 ερμα-
1280 1311 1286 1317 ,
1339 1284 1348 1291 -

64 1338 187 1402 νάεειαν
216 1333 272 1400 ιιαί
290 1334 347 1419 τὴν
377 1337 410 1400 ἐν
432 1343 503 1411 ταῖς
529 1332 656 1417 Μόψου
678 1335 810 1421 κρήναις
837 1341 891 1403 ιιαιΙ
913 1330 1170 1423 ου’τὴνἌδαναν
1345 1322 1351 1330 ’

29 1440 119 1512 sosoi
139 1436 197 1511 τάς
230 1440 407 1519 περιοίκους
432 1434 555 1529 πάσας,
584 1434 623 1499 αἲ
650 1436 730 1527 λόγῳ
759 1442 1000 1528 συντεταημένηο
1029 1438 1168 1526 ῥηθῆναι

65 1539 104 1601 ου’
128 1533 289 1603 δόνανται.
323 1538 441 1602 όκεῑναι
458 1538 493 1601 δὲ
513 1559 570 1618 μοι
590 1533 714 1624 ἐρρηθη
736 1540 779 1615 ιός
800 1548 866 1616 τοϊς
880 1546 1005 1615 πολλοῖς
1027 1565 1170 1625 συγγρα-

67 1641 185 1724 φεῦσιν
207 1634 422 1717 άδιεξόδευτα.

161 1737 249 1804 Ἀλλ’
272 1727 362 1814 οὗτος
387 1743 446 1820 μὲν
478 1739 637 1825 πάρεργον
669 1741 833 1825 γενόμενος
859 1739 1007 1826 γυναικός
1038 1747 1168 1809 καὶτοῦ

63 1839 149 1909 trino
175 1842 313 1922 άνεψιοό
331 1840 479 1906 Ἰωάννου
498 1843 556 1905 roo*
582 1844 743 1926 Τζιμισχῆ
754 1890 764 1923 ,
793 1837 845 1910 οἷα
866 1842 906 1908 τά
921 1848 1079 1909 ταδ’θεοῦ
1100 1869 1169 1929 ιιρι-

24 1955 160 2026 ιομαεα,
181 1939 297 2024 πολλὴν
318 1947 383 2017 τοῖς
403 1940 587 2025 ἀνθρώποις
606 1944 729 2029 άρῆκεν
750 1943 843 2008 α’νιάν
863 1948 919 2008 κατ’
938 1947 976 2033 τῇ
993 1945 1168 2026 Ῥωμαίων

62 2046 252 2130 hispanam
270 2036 486 2125 στυγνότητα·
532 2037 563 2104 οἱ
584 2043 618 2105 δό
637 2042 819 2124 τοῦγένους
839 2042 941 2107 αότοό
961 2043 1168 2128 ἐδιώχθησαν

60 2148 120 2226 μὲν
143 2137 209 2206 ino·
231 2143 296 2235 τάν
325 2143 495 2220 μετέπειτα
530 2140 687 2223 βασιλέων
710 2138 771 2205 διά
795 2139 831 2205 τό
863 2138 964 2224 βάρος
991 2145 1046 2227 τῆς
1068 2135 1167 2225 τόχης

61 2244 116 2308 soi
134 2241 170 2309 τό
193 2242 249 2325 τῆς
271 2241 405 2326 α’νδρόας
426 2240 569 2323 άνξίαμα
589 2244 810 2326 περιώνυμον,
832 2240 936 2323 ἔμεινε
958 2246 993 2307 δὲ
1014 2246 1052 2328 τῇ
1071 2246 1167 2323 μετέ-

62 2366 157 2409 πειτα
178 2347 275 2432 γενεά
289 2335 396 2426 οόσπερ
412 2364 460 2416 τις
481 2340 621 2426 σπινθὴρ
644 2340 838 2425 ὑπαυγάζων
857 2342 892 2407 τό
914 2345 1002 2423 γένος
1021 2344 1084 2405 τεόν
1097 2345 1166 2405 Bo-

18 2446 260 2523 αοτανειατοόν,
293 2443 327 2507 όν
346 2445 391 2530 πρό
412 2444 538 2530 στρατῷ
560 2440 750 2523 διαλάμπειν
777 2445 836 2507 τοῦ
854 2440 967 2527 κυριόυ
990 2442 1164 2507 Βασιλειόυ

58 2548 118 2610 τοῦ
138 2545 452 2629 πορφυρογεννήτου,
472 2538 506 2618 ὃς
527 2540 779 2627 τεσσαρακοστὸν
797 2541 866 2619 ἔτος
888 2551 955 2617 τοῖς
967 2537 1165 2624 Βουλγάροις

59 2643 340 2728 όντιτασσόμενος,
361 2641 417 2709 καί
432 2645 560 2728 μυρίοις
582 2644 688 2718 πόνοις
715 2643 770 2709 καὶ
792 2637 901 2720 όπλοις
925 2641 1164 2726 α’ντιπαρατατ-

58 2966 89 3005 τε
108 2948 213 3003 iniecta
231 2946 391 3002 recessisset
410 2954 456 3001 aut
474 2949 612 3004 conlectus
639 2950 673 3003 ub
691 2949 813 3004 hostibus
833 2958 905 3004 esset
922 2956 950 3002 et
967 2940 1078 3019 pedibas
1096 2963 1163 3017 pro.

58 3022 194 3075 calestus.
234 3035 293 3073 cum
319 3025 406 3072 autem
424 3019 535 3073 haberet
553 3022 655 3074 virtute
672 3036 769 3073 numen
792 3022 912 3073 divinum
929 3022 1048 3084 socium,
1069 3029 1095 3071 et
1113 3021 1163 3073 οδ.

57 3095 243 3148 versariorum
258 3091 376 3144 initiatus
396 3099 437 3145 est
449 3093 562 3145 secretis
579 3099 607 3143 et
620 3091 776 3143 felicitatem
794 3089 961 3158 gloriamque
982 3097 1023 3141 est
1041 3090 1160 3155 adeptus.

161 3189 335 3259 Reliquorum
354 3197 441 3242 sutem
469 3192 527 3242 eius
548 3189 719 3241 victoriarum
748 3186 887 3239 instituere
904 3200 1045 3237 recensum
1064 3199 1162 3251 super.

55 3278 210 3317 vacaneum
230 3269 272 3313 est
290 3261 397 3312 omnino
416 3262 550 3329 praesenti
570 3259 658 3312 libro:
677 3258 759 3326 plena
778 3258 848 3308 enim
867 3265 908 3309 est
927 3255 968 3308 his
988 3256 1072 3308 omnis
1091 3255 1162 3306 scri.

55 3337 117 3404 ptio
138 3340 165 3384 ct
178 3334 280 3400 poesis,
299 3334 431 3400 quomodo
451 3334 612 3385 centimanus
631 3331 695 3383 duas
714 3327 846 3396 myriades
864 3326 981 3381 Arabum
998 3327 1161 3379 invictorum

54 3416 186 3474 tanquam
215 3405 322 3457 (lirinus
353 3403 527 3474 defulgurans
554 3401 633 3455 urbes
651 3397 860 3453 innumerabiles
887 3397 1037 3468 vectigales
1056 3398 1160 3462 lecerit,

52 3475 230 3530 Antiochiam
249 3488 370 3542 magnam
390 3483 417 3527 et
428 3475 574 3528 Melitenen
593 3474 737 3527 ctTarsnru
758 3471 996 3525 etGermaniceam
1015 3468 1160 3532 storbon,

52 3563 129 3618 quae
152 3555 193 3597 est
210 3545 243 3598 ad
260 3547 348 3613 llopsi
367 3546 464 3612 fontes,
485 3554 512 3598 et
529 3548 613 3613 ipsam
631 3546 748 3598 Adauam
768 3552 795 3595 et
813 3543 1033 3596 circumiacentes
1058 3554 1160 3603 omnes,

51 3634 127 3688 qnae
149 3619 273 3669 oratioue
291 3625 428 3670 contracta
440 3618 589 3670 enumerari
608 3631 661 3669 non
677 3623 797 3685 possunt.
817 3615 865 3667 illa
883 3621 1005 3666 autema
1023 3625 1067 3663 me
1085 3624 1161 3663 com.

50 3696 204 3742 memorata
234 3697 310 3754 sunt,
341 3696 437 3755 utpote
469 3703 538 3757 quae
569 3704 585 3740 a
616 3688 738 3757 plurimis
769 3685 944 3755 scriptoribus
975 3697 1030 3736 uon
1056 3682 1162 3751 possint
1222 3686 1227 3699 ¹

49 3759 213 3829 praeteriri.
638 3764 643 3769 '

160 3856 213 3910 Sed
238 3856 283 3908 hie
310 3858 415 3927 quidem
441 3857 581 3927 neglectus
604 3857 636 3909 ab
656 3872 740 3909 uxore
766 3863 793 3907 ct
811 3853 926 3922 patrueli
944 3853 1045 3907 Ioanne
1062 3853 1162 3906 inimi.

48 3930 131 3994 selae,
156 3926 246 3997 qualia
265 3936 327 3980 suut
343 3930 386 3981 dei
407 3929 521 3994 iudicia,
539 3927 647 3980 multam
665 3925 815 3980 homiuibus
839 3926 934 3978 iniecit
951 3925 1162 3978 sollicitudinem

49 4012 77 4053 et
105 4000 293 4053 Romanorum
314 4001 426 4067 imperio
451 4002 592 4054 tristitiem.
636 3999 681 4068 qui
708 4004 795 4050 tutem
822 4014 837 4049 e
862 4012 963 4066 genere
993 4001 1051 4049 eius
1077 4002 1161 4061 erant,

48 4072 151 4125 vexati
171 4077 232 4123 sunt
251 4085 267 4122 a
285 4074 401 4138 posteris
420 4072 529 4140 regibus
548 4078 658 4139 propter
688 4070 846 4139 gravitatem
867 4069 989 4120 fortunae
1011 4077 1038 4121 et
1056 4068 1162 4121 virtutis

45 4145 214 4213 «lignitatem
243 4140 385 4194 illustrem.
429 4142 552 4194 manebat
570 4150 657 4193 autem
683 4149 807 4207 posterae
826 4142 905 4194 aetati
931 4142 1006 4211 quasi
1027 4136 1161 4207 igniculus

45 4216 164 4284 puidam
183 4211 297 4276 lucens,
317 4228 403 4281 genus
421 4214 618 4266 Botsniatsrum
645 4212 673 4265 in
692 4214 812 4265 exercitu
830 4212 967 4266 illustrans
987 4211 1086 4262 domini
1104 4206 1160 4257 Ba.

44 4285 103 4339 tilii
124 4282 393 4353 porphyrogenitum,
411 4286 458 4355 qui
476 4286 582 4354 quidem
600 4298 649 4353 per
669 4285 842 4355 quadruplata
863 4298 946 4341 uanos
964 4279 1088 4348 Balgaris
1106 4289 1159 4343 op.
