3168 4988
602 311 811 384 mutuata.
1081 339 1099 365 ³
1182 310 1253 385 281

157 486 196 553 όν
212 481 402 572 φιλοσόφοις
415 478 457 555 τός
478 473 772 563 όπεραναβαόνοντα
791 476 831 544 τά
855 481 1020 563 προσεχιός
1041 469 1264 563 καθοραόμινα,

158 588 218 652 καί
239 583 294 649 τόν
312 579 508 647 διαλεκτικόν
528 575 576 643 ότι
597 581 797 660 διαιρετικῶς
822 582 986 662 ἐπιβάλλει
1012 588 1079 655 τοῖς
1100 576 1267 663 πράγμασι

158 685 218 751 καὶ
246 682 496 768 τό,πρόσφορον
527 681 677 761 α’πονέμει
704 681 742 767 τῇ
774 683 836 746 τῶν
873 680 1087 763 ὑποκειμένων
1114 678 1268 767 σονοοσόηι

158 780 374 870 πραγμάτων,
403 784 459 846 καί
489 779 541 847 τὸν
569 777 758 865 ἡνιοχοῦντα
791 784 823 847 ἐν
847 780 991 857 1ἱππικοῖς
1027 772 1075 845 ότι
1107 777 1267 861 τεσσάρων

130 889 267 961 5ἵππων
284 883 447 967 ἡνιοχείαν
461 887 516 947 καί
536 884 780 966 διακοβέρνησιν
792 877 1021 963 οἷποδείκνυσιν,
1043 879 1097 944 καί
1114 878 1168 945 τόν
1189 882 1267 962 δρα·

157 992 225 1071 μέα
250 985 302 1050 διά
325 982 361 1048 τό
386 985 494 1068 τάχος.
526 985 581 1048 καί
601 981 656 1047 τόν
678 982 774 1066 α’ργόι
795 988 850 1070 τῆς
872 981 986 1067 α’ργόας
1007 984 1185 1065 συμπαθῶς
1206 995 1281 1045 κα-’

133 1089 351 1175 cosmatem,
375 1088 427 1149 κατ’
456 1088 513 1168 τῆς
532 1082 715 1166 εδεργεσιάς
749 1086 807 1147 οδκ
831 1086 988 1149 ε’δεόκναεν
1003 1076 1145 1166 ἄμοιρον.
1185 1079 1264 1148 εἴπω

160 1213 195 1252 τι
214 1189 343 1268 μεῖζονς
365 1184 532 1268 καὶμέχρι
553 1184 724 1266 βαναύσων
738 1188 856 1267 τεχνῶν
876 1182 935 1268 την
950 1179 1161 1270 άγαθοεργιάν
1182 1182 1266 1269 ἐφη-

160 1295 305 1367 πλωσεν,
337 1280 387 1352 ότι
416 1289 553 1351 κατεῖναι
581 1286 620 1372 τῇ
642 1289 784 1376 πολιτείην
809 1289 864 1350 καί
893 1294 959 1361 τοῖς
989 1283 1170 1370 α’νθριόποις
1191 1286 1266 1350 δια-

113 1414 151 1469 10
160 1389 289 1454 κονοόσι
312 1384 351 1452 τά
371 1386 526 1471 χρήσιμα.
569 1391 624 1452 καί
645 1386 751 1465 άπλοός
782 1388 856 1452 θοιά
881 1412 928 1464 τις
951 1388 984 1451 όν
1004 1390 1085 1476 τῷδε
1106 1388 1148 1473 τῷ
1169 1390 1266 1468 βασι-

108 1516 116 1527 ·
158 1497 215 1554 λεῑ
240 1498 422 1574 περιηχιῑτο
448 1490 594 1570 όπλβαοις
615 1492 672 1555 κατ’
696 1487 787 1573 λόγον
810 1488 1011 1573 ἀνθρώπινον
1039 1491 1155 1554 νικαόσα
1185 1511 1266 1571 πρα-

157 1587 294 1675 piore.
566 1676 570 1684 ,
664 1658 665 1661 κ
1013 1664 1017 1669 ,

266 1687 383 1771 Οἴομαι
405 1693 440 1755 δὲ
469 1689 512 1767 οός
536 1678 617 1767 τινός
639 1695 703 1756 τῶν
730 1692 891 1778 όκρσατόν
918 1693 1059 1780 λογισμηῖ
1079 1693 1142 1756 τινά
1164 1713 1265 1776 προσ-

158 1789 382 1871 παλαίσοοοιν,
403 1793 659 1875 ἑγκωμιαστικοός
680 1796 784 1856 ταῦτα
798 1795 854 1857 καί
866 1790 912 1877 μη
935 1778 1165 1879 διηγηματικῶς
1186 1817 1266 1876 ocy-

112 1921 149 1973 15
158 1894 328 1977 γραφῆναί
337 1914 405 1973 μοι,
421 1891 530 1980 εόνοόρι
553 1895 649 1976 δῆθεν
668 1897 708 1980 τῇ
724 1890 801 1975 πρός
822 1890 876 1958 τόν
888 1898 1061 1977 κρατοῦντα
1082 1892 1265 1960 teutatem

160 1993 277 2058 καθότι
299 1997 355 2058 κατ’
373 2001 437 2068 τοῖς
459 1987 565 2069 ἄλλοις
584 1996 753 2074 βασιλεῦσι
770 1992 804 2058 τὸ
828 1996 921 2075 τιμάν
942 1994 998 2059 κατ’
1018 1996 1152 2080 δωρεαῖς
1171 1993 1266 2076 οἴματ’-

159 2098 279 2175 βεσθαι
300 2093 357 2178 την
379 2097 443 2158 τῶν
462 2090 609 2180 όπηκόων
627 2099 734 2159 αι’στιν
754 2096 955 2178 περιεγίνετο.
999 2098 1030 2160 εἰ
1046 2100 1138 2161 τοῦτο
1159 2098 1194 2161 δὲ
1211 2098 1266 2161 ἐν·

160 2194 322 2277 νοὴσαιεν,
343 2195 402 2259 οόκ
432 2189 471 2258 όν
501 2198 699 2279 διανοηδεῖιν
726 2198 837 2270 καλῶς.
887 2193 921 2260 τό
942 2198 1002 2276 μὲν
1031 2192 1092 2279 γάρ
1115 2199 1171 2259 καί
1191 2192 1265 2271 τσός

158 2294 272 2380 προόην
294 2297 545 2378 βασιλεύσαντας
561 2297 682 2361 εόνοεῖν
696 2305 762 2372 ταῖς
778 2296 923 2381 ὑπηκόοις
939 2293 993 2360 κατ’
1004 2298 1157 2379 παρέχειν
1170 2296 1264 2378 εόερ·
1370 2330 1372 2333 -

110 2398 269 2483 ηογεσόας
297 2398 367 2461 οόδ’
401 2394 499 2475 αότός
521 2398 755 2479 άπαναόνομαι,
785 2401 840 2460 καί
867 2396 1034 2477 πολλάκις,
1067 2395 1101 2460 δν
1124 2386 1169 2471 οἷς
1192 2394 1267 2480 περὶ

161 2498 270 2562 adame
291 2501 450 2584 γέγραφα,
475 2497 535 2581 την
558 2498 683 2584 μνήμην
695 2501 749 2583 τῆς
773 2500 879 2563 αόταῖν
898 2501 1083 2581 περιέλαβον
1108 2492 1262 2580 πράξεως·

157 2594 195 2663 τό
221 2600 249 2663 δ’
272 2600 327 2664 dne*
345 2601 389 2686 τῷ
408 2592 603 2691 Βοτανειάτη
631 2595 665 2663 ἐν
685 2606 753 2676 ταῖς
776 2605 884 2682 τιμαῖς
914 2599 969 2663 καί
987 2606 1051 2674 τοῖς
1073 2601 1136 2666 τοῖν
1156 2600 1264 2683 depp—
1298 2672 1303 2679 ,

236 2778 278 2833 15.
297 2776 465 2835 όοολεδοντα
484 2775 514 2833 0.

160 2943 274 2998 stultum
292 2950 323 2996 ut
340 2950 476 3011 expertem
492 2943 648 2998 meliornmz
666 2946 823 3015 prudentem
837 2945 966 3000 efferebat
980 2955 1010 3001 nt
1028 2943 1136 3000 consilii
1155 2950 1264 3013 specta-

160 3016 295 3069 tissimum
314 3015 525 3081 instrnmentum,
544 3023 571 3066 et
589 3024 767 3069 astronomum
793 3019 862 3069 inter
887 3017 1062 3085 philosophos
1080 3025 1112 3069 nt
1128 3016 1264 3068 exceden.
1311 3063 1319 3068 .

161 3096 218 3141 tem
241 3101 309 3154 quae
327 3101 412 3153 prope
430 3095 576 3154 apparent,
603 3094 630 3138 et
647 3087 836 3149 dialecticum,
858 3089 919 3153 quia
946 3087 1090 3139 dividendo
1109 3085 1265 3154 aggreditur

161 3174 211 3211 res
229 3167 257 3209 et
275 3158 498 3209 accommodatum
517 3158 610 3210 tribuit
627 3159 752 3224 potestati
772 3156 1022 3223 comprehensarum
1042 3171 1140 3220 rerum,
1158 3163 1186 3206 et
1203 3169 1263 3206 mo.

161 3231 315 3282 deratorem
335 3244 479 3297 equorum,
505 3230 567 3298 quia
586 3235 710 3297 quattuor
735 3242 862 3296 equorum
889 3228 1099 3280 moderationem
1118 3233 1145 3277 et
1162 3224 1263 3293 guber.

161 3303 300 3353 nationem
324 3301 455 3365 ostendit,
481 3309 508 3353 et
531 3315 666 3353 cursorem
690 3307 800 3368 propter
825 3298 1014 3363 celeritatem,
1041 3306 1122 3366 atque
1147 3296 1263 3347 desidem

163 3379 277 3440 propter
295 3372 421 3423 desidiam
440 3373 624 3426 misericordie
648 3370 823 3424 miserabatur
850 3386 939 3439 neque
963 3369 1088 3422 beneficii
1107 3365 1264 3419 ostendebat

124 3460 132 3469 ·
164 3450 312 3510 expertem.
351 3444 435 3494 dicam
455 3445 516 3511 quid
535 3445 635 3497 maius:
666 3444 745 3496 etiam
763 3457 848 3510 usquc
865 3443 897 3495 ud
917 3456 1039 3493 munuum
1058 3454 1140 3506 opera
1157 3437 1263 3489 bened.

163 3515 292 3566 cientium
313 3514 440 3579 extendit,
459 3517 522 3582 quia
541 3517 619 3567 etiam
639 3515 681 3567 iili
700 3514 804 3566 civitati
833 3521 860 3564 et
877 3512 1028 3565 hominibus
1046 3517 1160 3562 tractant
1176 3508 1261 3560 utilia.

164 3593 248 3654 atque
266 3587 375 3636 omnino
394 3586 485 3638 divina
504 3587 631 3655 quaedam
650 3587 677 3639 in
697 3586 749 3637 hoc
767 3600 833 3653 rege
852 3584 965 3638 sonabat
983 3583 1065 3636 elatio
1088 3589 1115 3632 et
1132 3578 1262 3632 rationem
1292 3646 1294 3650 A

163 3656 300 3707 hominum
317 3671 447 3723 superans
466 3657 617 3709 consilium.

264 3742 331 3795 Puto
350 3751 447 3808 autem,
468 3745 526 3809 iore
544 3754 574 3797 ut
591 3745 713 3797 nonnulii
729 3745 846 3796 lectores
862 3742 1067 3796 ratiocinatione
1087 3743 1197 3811 quadam
1215 3757 1264 3794 re.

161 3816 307 3877 luctentur,
327 3815 487 3868 laudationis
507 3817 584 3867 modo
611 3817 677 3867 hacc
703 3832 791 3884 neque
809 3815 968 3867 narrationis
997 3816 1148 3881 conscripta
1167 3829 1262 3867 esser

160 3902 214 3949 me,
233 3884 443 3936 benevolentiae
462 3886 568 3938 scilicet
594 3896 657 3954 erga
676 3888 862 3953 imperatorem
888 3886 1073 3949 inservientia,
1093 3887 1163 3954 quod
1183 3888 1261 3938 ctiam

159 3957 261 4010 ceteris
285 3954 393 4021 regibus
420 3971 515 4008 ornare
542 3967 569 4008 ct
594 3958 670 4008 donis
695 3965 797 4008 mutare
823 3956 1002 4008 subiectorum
1032 3957 1109 4009 fidem
1136 3959 1260 4009 usitatum

158 4026 259 4082 fucrit:
284 4026 330 4075 aud
358 4026 380 4073 si
406 4024 457 4078 hoc
476 4028 647 4097 cogitabunt,
674 4029 787 4079 tortasse
821 4043 874 4080 non
899 4036 973 4079 recte
1001 4031 1132 4081 sentient:
1162 4028 1260 4079 etenim

161 4102 240 4151 etium
262 4094 417 4162 superiores
436 4114 516 4167 reges
530 4100 630 4150 favisse
644 4099 772 4150 subiectis
787 4107 815 4151 et
825 4100 981 4166 praebuisse
998 4099 1130 4152 beneficia
1147 4115 1182 4150 πο
1201 4101 1260 4164 ipsu

161 4168 267 4240 quidem
288 4166 384 4218 infitias
404 4182 453 4219 eo:
472 4185 486 4219 a
519 4185 552 4220 ue
571 4184 652 4235 saepe
671 4171 698 4220 in
717 4171 760 4233 iis,
783 4186 851 4239 quae
864 4171 897 4223 de
916 4170 957 4223 his
976 4173 1081 4239 scripsi,
1099 4170 1259 4221 mentionem

162 4255 254 4296 eornm
275 4239 328 4294 ieci
347 4238 479 4293 actionisr
528 4240 661 4292 otaniatae
688 4249 776 4295 autem
795 4242 822 4295 iu
848 4242 993 4295 honoribus
1013 4250 1040 4294 ct
1058 4242 1185 4295 donorum
1203 4240 1259 4294 tar.
