3222 5000
331 322 384 405 dt
636 327 855 400 niceratus
885 323 1144 397 arnaudum

335 498 438 587 ριόντι
459 499 585 581 νικῆσαι
608 495 916 581 διαθρυλλοόμενος,
937 488 987 560 ότι
1012 497 1069 559 καί
1094 493 1127 558 τό
1152 483 1246 574 ἄλγος
1267 489 1362 555 οὐδέν
1381 477 1439 572 ἦτ-

335 624 389 667 τον
411 600 496 688 αὐτῷ
517 596 596 663 κατό
621 620 655 661 τι
680 594 737 680 τὴν
764 593 920 661 ἔκπτωσιν
941 595 997 676 τῆς
1023 594 1127 677 α’ρχῆς
1150 595 1204 657 καί
1224 590 1280 674 τὴν
1301 594 1359 674 τῆς
1377 612 1439 653 πο-

336 704 453 776 λιτείοις
476 698 531 763 καί
550 702 607 783 τῆς
627 699 807 782 παρρησίας
829 698 885 760 καί
901 698 1000 779 αὐτῆς
1021 697 1078 777 τῆς
1096 695 1246 777 μεγίστης
1268 692 1439 776 προεδρίας

337 801 509 887 ἀφαιρέσει
534 801 736 878 διεδείκνυτο,
759 800 813 860 καί
834 797 869 861 τό
893 800 980 871 ἕλκος
1000 794 1076 880 πρὸς
1104 797 1204 859 ταῦτα
1225 791 1440 876 συγκρινόμε-

336 925 389 966 νον
409 899 541 983 ἡττᾶτο,
564 901 662 984 φέρον
693 900 750 980 τῆς
777 894 932 982 πατρίδος
952 896 1008 960 καί
1027 897 1082 977 τῆς
1107 896 1249 976 συζόγον
1271 890 1327 975 τὴν
1350 890 1466 954 ἄντι-5

336 996 484 1084 σήκωσιν.
528 999 665 1080 εόλογοόν
691 995 751 1079 γόρ
774 996 897 1079 εὐλόγει
920 994 974 1059 τόν
997 992 1127 1079 κόριον,
1157 996 1212 1056 καί
1238 990 1440 1074 εὐχαριστῶν

338 1099 394 1164 oria
414 1100 517 1182 α’νιέι,-
531 1101 585 1163 καί
605 1095 708 1172 πόθος
736 1096 793 1159 oda
818 1096 972 1161 ἀπεκάλει
995 1093 1030 1158 τό
1052 1093 1157 1169 πόθος
1187 1090 1268 1157 οἶλλό
1295 1092 1439 1174 πόρωσιν

337 1194 454 1285 ἆκριβῆ
482 1203 537 1266 καί
564 1202 734 1264 παίδευσιν
756 1195 833 1279 πρός
854 1197 1031 1281 τελειότητα
1063 1199 1227 1281 φέρουσαν
1248 1194 1304 1259 καί
1324 1193 1440 1277 α’ρετῆς

336 1303 483 1382 ἐπίβασιν
505 1301 668 1384 κρείτονος.
710 1293 755 1381 μὴ
778 1296 995 1382 ἀφιστάμενος
1017 1300 1052 1361 δὲ
1068 1295 1122 1361 καί
1143 1299 1197 1379 τῆς
1220 1290 1442 1369 ταπεινώσεως

338 1401 536 1485 ἀντεγκαλῶν
549 1394 587 1484 ἧν
601 1400 698 1476 ου’τός
712 1394 824 1487 ἑαυτῷ,
838 1400 893 1462 καί
903 1390 977 1474 ἄξια
993 1400 1185 1462 πεπονθέναι
1195 1399 1443 1477 κατατιθέμενος
1454 1405 1485 1458 1⁰

338 1504 394 1566 καί
421 1500 499 1584 πρός
519 1500 594 1565 θεὸν
618 1496 704 1565 όπαν
725 1496 969 1582 αἰχμαλωτιζων
991 1490 1109 1581 νόημα,
1133 1500 1187 1561 καί
1209 1498 1263 1560 έπί
1284 1498 1362 1559 πᾶσι
1383 1498 1443 1560 τοῦ

199 1601 483 1683 ῐ.179τ.ιόγενοός
513 1601 614 1665 πνέων
649 1599 696 1664 du
727 1604 772 1686 τῷ
793 1591 855 1663 ὄντι
879 1596 1088 1684 φρονήματος.
1132 1597 1169 1661 od
1191 1595 1252 1680 γόρ
1276 1601 1445 1661 κατέπεσεν

339 1696 431 1779 όλως,
458 1703 534 1765 oo'dd
553 1705 610 1764 τοῦ
637 1703 733 1784 ζήλου
754 1700 915 1780 ἐνέδωκεν,
937 1691 990 1763 οἶα
1015 1696 1151 1780 πάσχειν
1173 1692 1239 1762 οίέε
1262 1694 1354 1780 ψυχὴ
1378 1704 1444 1769 τοῖς

338 1799 457 1875 όλικοῖς
473 1796 679 1886 όιεπτοημένιγ
705 1801 760 1864 καί
780 1798 861 1864 κότιο
885 1803 1052 1884 φέρουσιν.

430 1889 488 1964 Ὧν
505 1903 539 1964 έν
557 1900 670 1983 γνώσει
685 1899 844 1982 γινόμενος
860 1896 876 1961 ό
900 1901 1024 1983 κρατῶν
1039 1891 1179 1982 ἤσχαλλε
1196 1898 1254 1965 καί
1265 1899 1448 1983 μετόμελον
1458 1907 1489 1959 15

340 1996 453 2083 ἔτρεφε
469 2000 524 2063 καί
533 1999 590 2083 τὴν
599 1995 821 2081 ἐπανόρθωσιν
835 1999 935 2079 &diuo
949 2003 1017 2079 μέν,
1035 2000 1093 2061 οόκ
1107 1994 1174 2082 εἶχε
1188 2002 1219 2063 θ’
1232 1994 1317 2076 ὅπως
1329 1998 1448 2065 ἑαυτόν

339 2099 532 2181 σινγλιτεόσοι
552 2099 653 2173 κακῶς
676 2095 932 2183 διανοησόμενον.
975 2101 1185 2181 βεβούλευται
1207 2107 1314 2166 τοίνυν
1336 2098 1449 2167 αίτιό-

339 2225 405 2280 οεις
422 2206 590 2286 προθεῖναι
609 2204 675 2267 κατ’
688 2203 800 2282 αὐτοῦ,
813 2202 867 2265 καί
880 2199 1082 2285 α’ναξιότητος
1094 2199 1285 2284 γράψασθαι
1296 2200 1351 2266 τόν
1366 2199 1449 2285 χρό-

339 2326 404 2377 νοις
428 2296 488 2386 ἤδη
509 2309 635 2380 πολλοῖς
668 2301 725 2387 τὴν
744 2302 837 2382 οἶξίαν
858 2300 1114 2386 διακοσμήσαντα
1139 2305 1195 2366 καί
1215 2299 1270 2367 τόν
1290 2302 1449 2384 σωτήριον

340 2399 427 2487 λόγον
455 2402 728 2489 όρθοτομὴσαντα.
784 2403 839 2467 καί
865 2404 1008 2485 γεγόνασι
1032 2407 1093 2483 μέν
1113 2404 1167 2487 τῆς
1188 2402 1300 2468 τοότου
1325 2406 1492 2486 deuincat)

338 2507 401 2569 τῶν
415 2509 449 2571 έν
466 2508 546 2569 τέλει
569 2510 667 2582 τινές,
689 2507 773 2589 μηδὲ
797 2506 832 2569 τὸ
858 2505 916 2568 τοῦ
937 2502 1054 2587 α’νόρός
1073 2505 1257 2587 α’γνοοῦντες
1279 2506 1446 2582 ἐπίδοξον·

340 2597 427 2683 ὅμως
447 2605 482 2667 δέ
504 2607 646 2688 γεγόνασι
669 2603 992 2688 συμμεταβαλόμενοι
1007 2608 1050 2692 τῷ
1072 2606 1182 2694 καιρῷ,
1204 2604 1300 2670 όποία
1314 2603 1353 2671 τό
1378 2606 1446 2670 τοῖν

342 2930 417 2984 tione
436 2932 535 2985 vicisse
561 2932 630 2985 tama
655 2932 822 2999 celebratus,
848 2949 906 2986 curn
933 2936 1011 2987 etiam
1036 2935 1113 2989 dolor
1130 2934 1198 2988 nibii
1223 2939 1309 2990 minor
1328 2938 1353 2991 ei
1373 2940 1446 3008 qaod

343 3004 440 3056 attinet
459 3004 491 3055 ad
508 3006 636 3056 iacturam
661 3006 765 3072 imperii
793 3014 820 3056 et
838 3007 1072 3059 administrationis
1101 3018 1128 3059 et
1151 3008 1277 3077 loquelae
1296 3009 1398 3065 liberae
1418 3020 1449 3062 et

343 3075 449 3129 maximi
469 3076 633 3144 principatus
652 3076 801 3128 ademtione
817 3078 960 3129 diiudicata
979 3078 1091 3130 inferior
1110 3088 1183 3143 erat,
1209 3081 1323 3133 aderens
1343 3084 1448 3150 patriae

344 3156 371 3198 et
389 3148 479 3199 uxoris
507 3149 710 3200 restitutionem.
756 3147 895 3200 celebrans
923 3150 993 3200 enirn
1012 3149 1165 3203 celebrabat
1183 3151 1315 3204 dominnm
1336 3162 1362 3205 et
1380 3170 1449 3223 gra-

342 3220 393 3270 tias
413 3234 494 3287 agere
513 3234 565 3271 non
595 3219 749 3283 desistebat,
771 3228 797 3271 et
815 3220 910 3270 maium
935 3234 988 3271 non
1013 3221 1166 3273 nominabat
1182 3222 1289 3287 malum,
1308 3225 1356 3276 sed
1376 3241 1448 3277 eau.

342 3291 457 3343 ationem
477 3298 625 3343 accuratam
646 3299 673 3342 et
691 3292 883 3342 institutionem
903 3291 934 3342 ad
961 3292 1152 3357 perfectionem
1171 3294 1321 3359 ducentem,
1342 3305 1368 3347 et
1387 3299 1450 3349 vir.

343 3361 407 3410 tutis
427 3363 608 3413 accessionem
627 3360 762 3423 melioris3
782 3377 834 3412 non
860 3370 947 3413 autern
966 3362 1112 3414 desistebat
1130 3372 1157 3415 et
1176 3364 1332 3419 humilitatis
1351 3384 1381 3419 se
1401 3370 1449 3419 in.

343 3431 452 3484 cusabat
480 3434 554 3500 ipse,
575 3440 602 3484 et
621 3441 649 3483 ut
672 3432 750 3500 digna
777 3448 882 3498 passum
908 3449 937 3483 se
957 3434 1069 3485 reddens
1096 3443 1122 3486 et
1149 3436 1199 3486 deo
1225 3452 1303 3488 omna
1323 3441 1449 3491 vinciens

344 3504 503 3570 cogitatum,
524 3506 595 3554 etin
615 3503 735 3554 omnibus
755 3503 871 3554 nobilem
891 3505 994 3570 spirans
1021 3512 1073 3555 tum
1093 3522 1189 3558 revera
1207 3510 1338 3561 animum:
1357 3526 1449 3579 neque

344 3575 413 3624 enim
433 3575 532 3626 decidit
560 3589 685 3641 prorsus,
704 3590 793 3642 neque
812 3575 932 3625 ardorem
952 3576 1072 3639 remisit,
1092 3577 1182 3645 qualia
1200 3581 1255 3645 pati
1274 3584 1325 3631 scit
1343 3583 1448 3634 animus

343 3658 359 3693 a
379 3649 517 3710 corporeis
537 3646 680 3699 deterritus
700 3655 727 3698 et
746 3647 779 3696 iis
799 3661 867 3713 quae
886 3646 1008 3697 deorsum
1028 3646 1126 3699 ierunt.

444 3731 545 3794 Quibus
565 3748 596 3785 oo
617 3735 679 3786 uitis
705 3749 752 3785 rex
772 3748 854 3800 aegre
881 3733 984 3785 ierobat
1011 3742 1038 3785 ct
1066 3738 1255 3802 poenitentiam
1275 3739 1399 3803 babebat,
1419 3751 1450 3794 et

344 3800 539 3853 restitutionem
568 3750 646 3855 vabde
665 3805 804 3872 cupiebat,
824 3819 878 3857 non
897 3812 985 3856 autem
1004 3806 1123 3871 sciebat,
1144 3810 1275 3876 quomodo
1294 3828 1324 3862 se.
1343 3812 1449 3863 fatere.

346 3878 387 3920 tur
405 3870 474 3922 male
492 3873 654 3924 meditatum.
675 3891 829 3943 persuasum
849 3877 931 3943 igitur
951 3885 991 3928 est
1010 3879 1045 3940 ei,
1065 3886 1094 3929 ut
1112 3896 1205 3931 causas
1225 3882 1357 3947 proterret
1377 3898 1450 3935 con.

345 3949 384 3991 tra
405 3956 463 3991 euru
483 3949 509 3992 et
528 3943 691 4011 indignitatis
710 3955 849 3999 accusaret
869 3964 942 4010 eum,
963 3949 1008 4015 qui
1028 3951 1191 4014 permultos
1210 3954 1262 4003 iam
1280 3969 1363 4006 annos
1385 3956 1451 4024 dig.

343 4013 453 4063 nitatem
480 4022 621 4064 ornaverat
646 4023 673 4069 et
706 4016 799 4068 sairrtis
834 4017 942 4069 verbnm
968 4027 1067 4070 rectum
1095 4022 1261 4086 reddiderat;
1286 4034 1312 4075 et
1339 4025 1453 4079 inerunt

344 4082 423 4135 buius
443 4083 549 4134 consilii
569 4083 673 4151 quidam
693 4087 833 4152 primores,
853 4088 917 4140 iicet
936 4105 989 4140 noa
1010 4091 1164 4157 ignorantes
1185 4095 1235 4145 viri
1255 4095 1382 4163 gloriam,
1401 4106 1451 4149 ta.

342 4171 404 4207 men
424 4154 533 4207 inerunt
557 4156 648 4205 mutati
675 4164 809 4222 tempore,
838 4168 866 4209 ut
891 4160 1055 4212 adulatorum
1085 4179 1172 4231 nugae
1191 4175 1261 4217 sunt.
1300 4171 1452 4234 experiens

342 4235 430 4283 auteur
449 4243 524 4283 sunm
542 4229 705 4298 propositum
723 4244 770 4280 rex
785 4230 930 4282 nonnullos
947 4231 1020 4284 urbis
1039 4236 1180 4300 antistites,
1194 4251 1260 4304 quos
1280 4239 1358 4290 etiam
1379 4255 1455 4309 pra.
