3222 5000
414 319 437 371 x
614 271 851 373 wernimar
882 309 1059 372 samari
1089 309 1321 375 necarem

413 475 538 569 rerba,
563 499 657 571 quae
685 477 722 549 in
749 502 854 551 usum
883 502 1005 550 meum
1022 478 1178 549 contulit
1203 478 1257 548 vir
1270 477 1313 548 cl.
1342 488 1378 547 et
1400 500 1503 547 oma-

416 599 574 670 tissimus
600 598 807 672 eruditioris
835 601 1059 697 Laboulaye,
1088 601 1301 697 conspirant
1327 624 1411 671 cum
1443 624 1503 671 co·

413 721 494 795 dice
511 724 696 818 Parisino,
721 726 788 797 nisi
813 724 916 822 quod
942 728 979 797 in
990 726 1235 798 Escoriaccnsi
1264 725 1366 797 deest
1383 725 1501 796 lolium

412 874 527 923 unum
555 848 661 921 initio
690 864 726 922 et
749 851 980 948 abrumpitur
1004 875 1124 922 sermo
1151 852 1354 947 postverba
1379 850 1415 918 οἱ
1439 875 1503 919 πο·

410 973 533 1066 lapsos
558 950 622 1056 viic
648 968 939 1073 στρατοπεδείας
966 972 1229 1071 α’πόσχονται,
1260 999 1354 1071 quae
1381 975 1503 1071 legun·

411 1110 472 1173 tur
497 1098 535 1170 in
559 1098 642 1173 cod.
670 1097 894 1175 Coisliniano
922 1100 983 1173 sol.
1011 1105 1081 1172 211
1110 1124 1238 1194 verso,
1271 1100 1379 1172 tertia
1405 1113 1503 1196 parte

411 1222 496 1299 libri
524 1238 560 1295 et
583 1226 738 1322 amplius
757 1226 899 1298 amissa.
971 1208 973 1215 ,

511 1349 617 1422 Solus
644 1350 763 1447 igitur,
790 1349 893 1445 quod
917 1350 1043 1441 sciam,
1053 1347 1293 1420 Coislinianus
1316 1346 1432 1419 codex
1448 1342 1520 1418 in-'

337 1515 342 1521 ·
411 1486 547 1569 tagram
576 1473 683 1544 nobis
708 1474 861 1546 servarit
885 1473 1070 1545 Michaelis
1087 1473 1278 1548 Attaliatae
1304 1472 1505 1543 historiam.

411 1595 537 1692 Neque
564 1596 624 1667 illa
651 1596 803 1694 quidem
830 1595 967 1669 diutius
1001 1598 1038 1668 in
1073 1597 1379 1668 bibliothecarum
1421 1597 1508 1667 late-
1592 1646 1593 1707 p

414 1719 489 1793 bria
515 1720 726 1794 delitescere
754 1720 894 1816 debuit,
919 1747 1033 1817 quum
1063 1722 1173 1792 multa
1201 1722 1269 1793 alia
1283 1722 1416 1818 scripta
1439 1723 1509 1793 mi·
1593 1736 1594 1797 l

413 1847 514 1941 noris
540 1849 718 1921 momenti
744 1850 839 1945 typis
867 1872 1032 1944 expressa
1059 1848 1141 1919 sint.
1171 1848 1370 1922 Fatendum
1387 1863 1508 1919 tamen

413 1996 489 2044 non
515 1996 692 2069 apparere
719 1975 845 2045 omnia
871 1973 909 2044 in
936 1998 978 2045 ea
1006 1997 1099 2044 nora
1126 1985 1162 2045 et
1187 1972 1360 2047 inaudita.
1419 1970 1510 2045 Mul·
1596 2022 1597 2029 κ

289 2100 298 2115 “
412 2110 471 2168 tae
491 2097 591 2169 enim
609 2098 805 2170 verborum
821 2098 1186 2195 comprehensiones,
1203 2097 1387 2171 interdum
1400 2098 1509 2168 etiam

413 2220 575 2319 integrae
601 2222 774 2319 paginae,
806 2222 931 2319 paucis
959 2222 1103 2293 mutatis
1130 2224 1298 2319 leguntur
1324 2224 1419 2293 inter
1444 2220 1513 2293 ad·

414 2344 616 2420 ditamenta
655 2373 750 2446 quae
785 2350 853 2420 sub
891 2348 1041 2419 nomine
1073 2346 1219 2419 loannis
1249 2346 1423 2444 Scylitzae
1464 2345 1514 2419 ad

413 2471 549 2545 calcem
583 2469 740 2545 Cedreni
773 2471 870 2544 edita
902 2486 998 2545 sunt.
1057 2471 1158 2545 Unde
1192 2472 1234 2544 lit
1273 2486 1313 2546 ut
1344 2473 1512 2569 quaestio

413 2597 498 2669 satis
515 2597 713 2693 implicata,
738 2599 907 2695 quisnam
928 2600 974 2670 sit
999 2598 1107 2670 huius
1132 2598 1307 2671 historiae
1331 2599 1514 2695 legitimus

416 2734 556 2816 auctor,
581 2746 714 2794 noram
743 2720 1047 2817 disceptationem
1075 2725 1248 2821 requirat.
1302 2720 1511 2795 Cedrenum

416 2846 515 2919 enim
551 2846 631 2941 alii,
664 2848 724 2920 alii
753 2847 944 2946 Scylitzem
977 2849 1061 2922 lurti
1103 2863 1376 2922 accusaverunt:
1413 2874 1515 2922 nunc

411 2952 541 3045 tertius
577 2972 616 3045 in
642 2970 819 3045 iudicium
860 2974 1070 3070 supervenit
1094 2973 1287 3046 Attaliates.
1346 2973 1421 3045 lam
1458 2975 1517 3046 rir

414 3094 648 3171 doctissimus
675 3097 812 3193 llasius,
838 3099 1010 3197 inspectis
1033 3100 1138 3174 variis
1161 3100 1334 3199 Scylitzae
1371 3097 1518 3172 codici·

413 3223 500 3319 bus,
526 3225 650 3298 statuit
665 3226 689 3313 ¹)
717 3222 906 3322 Scylitzem
934 3225 1094 3323 primum
1122 3228 1372 3325 composuisse
1390 3225 1518 3323 Syno-

413 3349 496 3444 psin
509 3348 743 3423 historiarum
762 3350 1006 3446 aNicephoro
1023 3345 1099 3418 α’πό
1117 3344 1267 3421 Perinde
1294 3352 1452 3449 Augusto
1465 3348 1518 3423 ad

344 3474 348 3483 “
411 3473 521 3549 banci
537 3472 717 3551 Comncni
738 3475 934 3572 imperium
958 3500 1055 3548 anno
1070 3479 1185 3567 1057,
1210 3494 1323 3570 quam
1351 3477 1425 3549 lere
1455 3478 1520 3549 in-

414 3610 551 3694 tegram
569 3598 755 3676 Cedrcnus
779 3600 962 3675 transtulit
988 3601 1037 3709 inx
1053 3597 1316 3696 compendium
1337 3625 1441 3673 suum
1458 3601 1519 3670 hi-

414 3720 601 3792 storicum.
664 3726 793 3798 Postea
825 3749 911 3797 rero
953 3722 1050 3795 idem
1085 3722 1282 3818 Scylitzes,
1315 3725 1361 3795 ab
1389 3722 1516 3795 Alexio

415 3841 606 3920 Comncno
630 3852 863 3946 curopalatae
890 3873 1042 3923 munere
1060 3848 1517 3942 auctus,historiamsuam

302 3034 320 3069 Ο

515 4120 544 4188 t)
564 4114 595 4169 ln
614 4114 761 4172 comment.
783 4118 816 4170 de
838 4116 1023 4185 loannehydo
1046 4117 1116 4186 pila
1136 4119 1164 4169 in
1176 4117 1245 4171 llbro
1260 4116 1335 4171 loen.
1352 4117 1430 4172 hant.
1449 4117 1521 4186 Lydi

414 4215 448 4270 de
466 4211 682 4284 mittentibus,
700 4212 808 4267 Paridis
822 4211 899 4267 1812.
1446 4222 1456 4245 ·
