3222 5000
370 340 419 417 et
676 312 1185 409 nrcmams‘armmorra

368 500 447 585 πρὸς
465 499 589 586 μικρόν.
609 495 663 566 εἶτ’
683 503 897 586 α’νενεγκούσα
914 505 974 566 ταῖν
989 501 1160 582 ἐλλογίμων
1179 495 1277 582 α’νύρί
1288 518 1348 560 τινι
1374 491 1476 579 ἱερω-

368 604 453 691 μένην
472 625 506 665 τε
526 605 582 667 κατ’
601 592 757 678 συνέσεως
778 606 906 686 γέμοντι
927 603 984 666 καί
1002 601 1210 680 πολυπειρίας
1232 596 1288 661 σύν
1304 597 1474 690 υίπυύέσντι

371 705 482 784 (Λέων
505 704 701 788 προσηγορία
729 705 773 791 τῷ
802 701 911 787 α’νύρί)
933 699 1005 785 την,
1020 703 1173 784 διοίκησιν
1197 702 1259 762 τῶν
1278 693 1475 782 πραγμάτων

369 805 552 884 ἐπέτρεψεν.
595 805 738 877 έπιεικύς
759 793 817 867 σύν
839 794 929 877 οὗτος
956 805 990 865 έν
1014 797 1132 866 ἅπασιν
1156 801 1293 883 ἐνεργῶν
1319 800 1374 862 κατ’
1392 792 1473 860 καεύ

370 895 460 987 λύγον
483 912 548 979 τοῖς
570 907 830 987 παρεμπίπτουσι
853 898 1025 985 χραίμενσς,
1051 905 1106 966 κατ’
1125 900 1180 965 τύν
1202 901 1297 980 νόμον
1317 896 1502 979 essedae-5

369 1025 421 1080 νος
441 1006 602 1090 βούλημα,
630 1005 737 1068 πᾶσαν
765 1003 916 1083 εύτσξίαν
939 1001 994 1066 κατ’
1018 1005 1170 1083 εύνομίαν
1205 1004 1356 1095 πεποίηκε
1378 1004 1471 1062 πολι.

369 1104 533 1170 πίεσθαι.
589 1103 644 1169 καί
664 1105 877 1170 α’στασίαστον
899 1094 937 1187 ἦν
966 1103 1006 1168 ου’
1025 1103 1120 1183 μόνον
1141 1101 1174 1166 τύ
1195 1098 1365 1182 Ῥωμαίοις
1387 1099 1473 1182 decj-

370 1230 439 1270 κυον
462 1203 544 1270 α’λλύι
567 1208 624 1270 καί
647 1204 726 1270 αύτὸ
747 1202 781 1269 τύ
803 1203 1000 1289 α’λλύφυλον,
1033 1206 1091 1268 τοῦ
1108 1205 1187 1268 θεού
1209 1201 1333 1278 πάντας
1355 1201 1474 1282 εύαρε-

370 1309 544 1388 στουμένσυ
564 1309 602 1392 τῇ
618 1306 816 1391 Ια’γαθσεργίρι
835 1308 896 1370 ττύν
912 1302 1055 1389 πράξεων
1076 1309 1131 1369 καί
1152 1305 1189 1368 mi
1210 1299 1321 1369 σκολιύ
1345 1303 1390 1375 είς
1412 1300 1474 1364 εύ·

371 1411 465 1472 θείαν
485 1407 733 1487 έξσμαλίζοντος.
1487 1409 1523 1463 ro

476 1510 539 1587 Τῆς
560 1506 595 1569 δέ
618 1502 768 1588 τοιαύτης
782 1507 969 1590 βασιλίσσης
989 1503 1068 1588 πρύς
1090 1505 1148 1588 την
1162 1506 1285 1569 ἐκεῖθεν
1306 1505 1476 1584 βασιλείαν

371 1602 547 1690 μελλούσης
574 1607 811 1688 μεταναστῆναι
844 1603 1058 1690 (έμσνύρχησε
1087 1605 1148 1689 γύρ
1179 1602 1297 1687 χρόνον
1331 1604 1385 1667 ἕνα
1421 1599 1480 1665 καί

370 1712 475 1791 μῆνας
508 1706 605 1791 ύκτὼ)
634 1704 709 1788 περὶ
732 1694 890 1786 βασιλέως
924 1711 1051 1793 φροντίς
1078 1716 1204 1787 κατεῖχε
1237 1704 1310 1780 τούς
1344 1701 1378 1769 έν
1409 1711 1478 1777 τοῖς

371 1807 547 1890 βασιλείοις
569 1803 607 1869 τύ
636 1807 745 1891 προῖκα
777 1811 943 1892 φέροντας.
986 1810 1040 1871 κατ’
1059 1807 1101 1883 ὥς
1131 1804 1164 1871 τύ
1189 1807 1390 1885 ἀποτέλεσμα
1409 1829 1480 1867 πα-

373 1907 560 1993 ρεστήσατο,
582 1908 659 1989 ου’χί
679 1905 735 1970 τύν
756 1912 904 1988 γενναίως
927 1908 1203 1990 ἀνθεξύμενοντῆς
1224 1905 1328 1990 α’ρχῆς
1356 1906 1525 1987 deero-15

373 2010 488 2091 ρεύσαι
503 2008 694 2090 προείλοντο,
721 2004 787 2071 ἀλλ’
809 2004 843 2082 da
858 2001 896 2072 ύν
909 2011 1030 2090 μᾶλλον
1049 2002 1158 2084 ύπττος
1172 2003 1274 2072 ἔσοιτο
1293 2006 1348 2070 καί
1369 2005 1481 2080 adroic

366 2107 596 2190 ”ύποκείμενος,
616 2111 673 2173 καί
693 2110 731 2195 τῇ
752 2107 886 2197 ιίφελείρι
908 2112 963 2174 κατ’
984 2109 1114 2198 α’μελείρι
1137 2106 1196 2191 τὴν
1216 2110 1372 2192 διοίκησιν
1391 2109 1483 2188 μᾶλ-

373 2215 428 2273 λον
449 2208 557 2285 advoca
578 2210 745 2276 α’ναθεῖναι
765 2208 809 2293 μη
832 2210 1044 2294 τ’σχυρίσαιτο.

252 2338 276 2378 ι.
297 2316 366 2376 1056
456 2307 722 2394 ’Ἀναγορεύουοι
742 2310 847 2375 τοίνυν
865 2310 1042 2396 πρεσβύτην
1063 2309 1135 2375 τινὰ
1166 2307 1399 2390 ὀνομαζόμενον
1419 2311 1482 2389 μὲν

246 2393 366 2463 ΜΨ
376 2411 525 2497 Μιχαὴλ,
539 2418 711 2485 πολιτικοῖς
726 2414 760 2476 dt
774 2415 1054 2493 συντεθραμμένον
1072 2402 1170 2493 ἧθεσί
1180 2433 1215 2474 τε
1229 2411 1284 2472 καί
1298 2406 1528 2491 πρύμμασι,λθ

376 2513 431 2578 καί
450 2510 484 2577 τύ
508 2515 565 2577 τοῦ
586 2514 814 2595 στρατιωτικοῦ
841 2513 1010 2596 τηνικαῦτα
1033 2514 1228 2599 διαφέροντα
1257 2533 1294 2574 σε
1316 2554 1451 2577 .....
1468 2557 1477 2588 ,

377 2613 499 2677 ύπλαύν
516 2617 576 2695 μὲν
610 2611 665 2676 καί
683 2613 788 2699 α’φελῆ
817 2612 897 2677 κατὰ
921 2611 954 2676 τύ
979 2608 1075 2692 δόξαν
1097 2605 1225 2693 αύτοῖς,
1247 2618 1355 2676 πλεῖον
1378 2612 1414 2674 δὲ
1435 2613 1479 2697 τῷ

375 2709 467 2798 γηρει
486 2711 693 2798 τρυχόμενον,
713 2711 769 2778 κατ’
789 2712 842 2778 διαὶ
863 2717 957 2779 τούτο
978 2721 1135 2789 κοινωνοῖς
1170 2715 1280 2788 αύτοές
1301 2717 1360 2795 της
1380 2715 1479 2793 βασι-

376 3019 437 3071 νὶτο
467 3014 570 3069 enidarir
594 3032 670 3070 sacro
697 3025 724 3069 et
750 3018 905 3085 prudentiae
931 3017 1011 3085 pleno
1038 3033 1127 3087 neque
1155 3020 1323 3086 experientia
1351 3018 1479 3071 destituto

378 3090 466 3158 (Leon
486 3103 583 3140 nomen
603 3096 659 3140 erat
679 3090 753 3159 tiro)
773 3091 1026 3142 administrationem
1045 3106 1133 3141 rerem
1162 3091 1278 3143 tradidit.
1316 3098 1379 3157 apte
1398 3090 1481 3158 igitar

378 3160 422 3213 hic
440 3162 468 3212 in
489 3160 609 3213 omnibus
630 3176 713 3229 agens
733 3170 759 3211 et
778 3178 836 3212 cum
855 3162 959 3213 ratione
984 3161 1088 3212 casibus
1108 3177 1170 3213 uses
1200 3170 1226 3213 et
1251 3161 1340 3228 legem
1366 3161 1481 3213 reddens

377 3232 558 3297 voluntatem,
585 3233 689 3296 eiieeit,
715 3241 744 3283 nt
763 3234 846 3284 omnis
867 3231 967 3283 ordinis
987 3241 1013 3282 ct
1032 3233 1121 3299 legum
1140 3235 1208 3284 ratio
1228 3234 1254 3283 in
1274 3231 1482 3285 administranda

377 3306 487 3355 civitate
507 3303 658 3356 haberetur.
685 3312 713 3354 et
730 3304 870 3355 seditionis
890 3310 1014 3369 expertes
1036 3311 1110 3354 erant
1123 3319 1176 3354 non
1197 3303 1283 3355 solum
1303 3305 1349 3372 qai
1371 3303 1482 3356 Graecis

377 3373 492 3427 subiecti
512 3383 601 3440 erant,
621 3376 667 3427 sed
688 3377 766 3426 etiam
786 3377 860 3441 ipsae
878 3373 949 3425 aliae
967 3383 1072 3442 gentes,
1094 3390 1152 3425 cum
1172 3375 1237 3427 deus
1257 3376 1367 3425 omnino
1387 3374 1483 3425 delec-

377 3453 478 3498 tatetur
498 3446 598 3498 virtute
617 3462 723 3510 rerum,
751 3454 777 3496 et
796 3444 904 3514 obliqua
923 3446 949 3495 in
969 3446 1153 3497 rectitudinem
1179 3456 1317 3514 aequaret.

476 3533 654 3591 cremantem
681 3533 747 3584 haee
773 3530 833 3583 talis
859 3533 952 3602 regina
971 3532 1003 3584 ad
1028 3549 1152 3599 superum
1173 3533 1239 3585 illud
1258 3550 1372 3601 regnum
1393 3544 1484 3588 trans.

378 3617 503 3668 gressum
530 3614 600 3656 essct
626 3609 802 3673 (regnaverat
827 3604 896 3654 eninr
916 3619 1012 3654 annum
1037 3620 1117 3655 unum
1145 3614 1172 3657 ct
1189 3621 1297 3657 menses
1324 3612 1424 3675 octe),
1451 3608 1484 3658 de

378 3687 443 3738 rege
468 3677 583 3727 creando
610 3692 672 3727 eura
691 3676 835 3742 occupavit
854 3690 909 3738 ees,
930 3676 975 3742 qui
995 3677 1021 3725 in
1040 3677 1117 3743 regia
1137 3678 1237 3741 primos
1257 3676 1377 3728 honores
1398 3678 1483 3729 habe-

377 3739 455 3803 hant;
476 3752 503 3793 et
531 3760 588 3795 curn
617 3748 676 3797 linis
703 3749 818 3809 adesset,
843 3761 897 3797 non
924 3760 982 3796 eum
1008 3747 1052 3813 qui
1077 3746 1206 3797 nobiliter
1231 3757 1392 3814 recepturus
1412 3756 1485 3799 esset

378 3812 518 3877 imperium
537 3830 629 3867 creare
648 3816 790 3879 volebant,
817 3817 864 3873 ced
884 3833 959 3878 eum,
979 3818 1024 3883 qui
1042 3818 1127 3883 magis
1147 3818 1260 3870 inferior
1282 3819 1389 3871 iuturus
1412 3826 1485 3870 esset

337 3944 341 3953 Ι
377 3883 465 3949 iisqne
484 3883 636 3948 subiectus,
656 3894 682 3936 et
701 3887 871 3953 simplicitate
891 3895 918 3938 et
935 3886 1103 3956 negligentia
1121 3890 1378 3941 administrationem
1398 3893 1485 3957 magia

378 3954 417 4003 eis
436 3954 541 4005 tradere
559 3968 612 4004 non
632 3965 777 4007 recusaret.

477 4024 575 4078 Creaat
593 4025 675 4092 igitur
694 4041 784 4076 senem
804 4022 942 4097 (suendum,
962 4030 1069 4080 nomine
1090 4029 1188 4082 dictum
1207 4028 1333 4094 michael,
1355 4031 1486 4083 civilibus

375 4098 532 4149 instructum
552 4095 668 4146 moribus
686 4104 712 4145 ct
726 4097 805 4146 rebus
825 4106 851 4147 ct
869 4100 896 4150 in
915 4117 944 4151 re
964 4099 1071 4151 militari
1093 4110 1146 4152 tum
1167 4102 1348 4153 excellentem
1370 4141 1376 4153 .
1402 4142 1409 4154 .
1432 4141 1439 4154 .
1463 4139 1488 4166 .,

375 4170 507 4237 integrum
529 4174 556 4218 et
574 4165 723 4232 simplicem
742 4175 771 4216 at
791 4166 845 4217 illis
864 4172 969 4237 quidem
990 4171 1149 4235 videbatur,
1169 4175 1253 4241 magis
1273 4181 1363 4225 autern
1384 4190 1488 4227 sence-

373 4248 430 4297 tute
459 4239 628 4303 conlectam,
664 4245 691 4287 et
719 4245 861 4306 propterea
884 4243 965 4293 sociis
997 4243 1029 4293 iis
1056 4243 1164 4311 imperii
1191 4252 1218 4295 ct
1248 4246 1488 4299 concertatoribus
