3168 4988
534 418 740 489 noronte.
1076 398 1178 497 'oon
1271 392 1275 401 ’

68 578 340 658 βεβασιλευκότος
362 575 601 664 ου’τόδελφοςό
628 578 859 662 Κωνστιίντιος,
885 583 1031 663 α’ντίπαις
1054 581 1099 654 ιδν
1121 586 1177 655 ἔτι.

69 677 129 759 τῆς
148 676 383 761 βασιλευούσης
404 670 524 750 πόλεως
547 682 602 745 καί
623 685 684 745 τοῖν
707 682 888 765 οίνακτόρων
909 687 995 766 παρό
1015 691 1074 750 τοῦ
1095 715 1176 773 συγ·

69 776 166 858 γόνου
189 779 357 859 οίπείργετο
379 782 435 842 καί
455 781 534 861 πρὸς
558 778 613 862 τὴν
636 782 808 863 ἀντιπέραν
828 782 980 867 η’λαόνετο
1001 785 1177 855 θάλασσαν.

68 875 142 941 δδδ
168 876 404 961 Βοκανειότης,
431 878 549 961 πατρὸς
575 881 623 943 ἐπ’
646 882 738 967 αὐτῷ
758 882 922 968 σπλάγχνα
944 889 999 949 καί
1028 885 1175 953 διόθεσιν

40 976 327 1062 δίνδεικνόμενος,
348 978 403 1043 καί
423 980 487 1043 τῶν
508 978 692 1060 δνακτόρων
714 980 801 1059 ἐντός
823 987 998 1067 είσεδδχετο
1020 990 1075 1051 καί
1095 985 1176 1052 σόν-

67 1080 199 1142 δειπνον
220 1074 366 1155 ἐποιεῖτο,
390 1078 444 1142 καί
465 1076 584 1165 φθόνον
608 1081 656 1143 ἐπ’
677 1080 766 1169 αόκρῖ
788 1075 809 1165 ἢ
831 1082 973 1164 όποψίαν
992 1084 1063 1148 τινό
1088 1092 1174 1169 λαμ-

65 1173 181 1260 βάνειν
203 1179 260 1241 erit
284 1171 420 1260 ἤθελεν
464 1175 540 1271 όθεν
561 1183 617 1244 καί
637 1182 699 1245 τῶν
720 1186 902 1264 προσόντων
934 1185 1022 1273 αότρό
1048 1187 1173 1270 χρημά-

64 1302 132 1344 των
151 1301 185 1343 τε
205 1281 261 1343 καί
280 1282 448 1362 κτρμοίτων
468 1281 624 1361 οκίδεμίαν
645 1281 817 1366 περικοπὴν
836 1281 1015 1368 ἐποιήσατο.
1070 1289 1173 1351 τοισδ-

65 1403 120 1456 τος
143 1373 184 1462 ἢν
207 1379 223 1442 ό
247 1377 477 1461 Βοτανειότης,
501 1378 557 1462 τῆν
578 1381 689 1466 ψυχὴν
710 1382 853 1463 καθαρός
876 1380 955 1465 όπὲρ
981 1381 1084 1468 ἥλιον,
1119 1390 1301 1453 autumer.

22 1479 127 1564 ιοτὴν
147 1481 276 1563 γνώμην
298 1478 509 1563 ἀποτρόπαιον
532 1478 614 1562 ἔχων
636 1485 690 1546 καί
710 1484 813 1566 πόσης
835 1487 1007 1568 ἐλευθέραν
1023 1487 1173 1565 ὑπονοίαις

66 1580 185 1663 δεινῆς.
208 1579 287 1644 ἀλλὰ
312 1583 367 1644 καί
386 1576 450 1661 ιός,
469 1583 500 1645 εί
517 1581 561 1663 μή
584 1606 630 1658 τις
651 1582 996 1668 α’νεξερτόνρτοςχόρις
1013 1597 1171 1670 περιεῖπεν

66 1679 180 1761 utitor,
203 1677 261 1744 οόκ
282 1675 320 1745 δν
341 1684 386 1755 είς
406 1687 552 1746 τοσοῦτον
574 1686 777 1763 συμπαθείας
788 1684 943 1768 ἐλήλυθεν
965 1687 1008 1762 ὡς
1019 1689 1074 1751 καί
1093 1714 1171 1771 προ.

64 1786 156 1868 φακῆ
178 1782 336 1846 ἀντίδικον
357 1785 411 1861 καί
431 1785 598 1863 πολέμιον,
620 1788 673 1848 καί
696 1782 739 1857 uic
761 1785 865 1869 α’κμῆν
887 1787 1032 1870 νεότητος
1062 1793 1170 1871 ἐπιβε-

61 1881 208 1969 βηκότα,
229 1886 283 1946 καί
301 1877 440 1956 α’τόπους
461 1879 563 1963 όρμός
594 1885 648 1947 καί
670 1886 976 1965 α’ναπεμπαζόμενον
1000 1888 1056 1971 τόν
1091 1888 1169 1973 πρός

19 1985 274 2068 ιρεδδαιμονίαν
309 1986 365 2067 τῆς
393 1987 558 2060 βασιλείας
585 1985 651 2048 καί
670 1983 724 2048 τόν
756 1991 947 2071 καθαιρέτην
977 1994 1033 2053 τοῦ
1060 1993 1169 2072 γόνους

63 2087 174 2151 αότῶν
193 2081 368 2166 γινόμενον,
391 2088 673 2165 προσοικειοόσθαι
696 2089 750 2149 καί
777 2083 920 2166 παρόδου
951 2089 1076 2151 διδόναι
1109 2114 1169 2153 συ.

58 2191 165 2250 νιέναι
183 2185 270 2270 edroi
291 2183 346 2247 καί
365 2190 620 2265 συνευωχεῖσθαι
643 2185 699 2248 καί
726 2194 886 2249 κοινωνεῖν
916 2186 1001 2272 αὐτῷ
1030 2190 1086 2249 καί
1104 2197 1167 2262 τοῖς

55 2285 234 2368 βασιλείοις
256 2288 564 2366 συναναμίγνυσθαι.
609 2284 625 2348 ό
651 2289 707 2367 δέ,
724 2286 783 2370 τήν
804 2290 961 2368 βασιλέως
982 2288 1166 2370 εόεργισιαν

59 2384 250 2450 κακοποιίαν
272 2388 304 2463 ἔξ
327 2385 520 2468 οίχπριστίας
552 2381 734 2468 ἡγούμενος,
758 2388 813 2450 καί
832 2389 908 2469 μηδ’
932 2387 976 2463 είς
1008 2392 1082 2452 νοῦν
1105 2391 1166 2469 ίμ-

16 2486 174 2567 ρρβαλων
196 2482 243 2550 ότι
269 2483 340 2563 δξόν
371 2478 406 2547 όν
429 2487 473 2575 τῷ
492 2489 624 2568 βασιλεῖ
645 2487 700 2551 καί
728 2485 935 2573 ὀφειλόμενον
956 2490 1081 2564 πάντως
1103 2483 1165 2572 ἄρ-

61 2588 121 2670 δην
154 2586 309 2649 α’πολίσαι
329 2588 438 2651 τοῦτον
468 2589 523 2650 καί
545 2584 588 2660 ὥς
615 2584 736 2668 ἐχθρόν
770 2588 825 2649 καί
856 2588 1032 2668 α’ντίδικον,
1070 2591 1164 2653 ου’δδν

59 2691 207 2753 τοιοῦτον
227 2688 425 2771 διενοήσατο,
448 2686 503 2751 καί
524 2680 633 2751 ἄνετον
655 2688 743 2777 uait&
764 2685 821 2772 τήν
847 2685 931 2772 ζωὴν
950 2686 1006 2753 καί
1012 2689 1068 2771 τὴν
1089 2692 1166 2753 δια-

59 2785 168 2873 γωγὴν
190 2788 365 2869 τόδαίμονα
386 2789 441 2853 καί
464 2790 619 2854 πλουσίαν
640 2786 684 2865 ric
704 2786 738 2853 τὸ
763 2792 838 2874 πρίν
859 2796 1096 2869 καταλέλοιπεν,
1115 2794 1162 2858 Ia·

58 2888 157 2971 βόλον
177 2884 245 2971 τίχτ
275 2886 330 2954 τόν
350 2884 440 2953 ἔνδον
463 2879 660 2973 ἄνθρωπον,
682 2892 738 2956 καί
757 2889 845 2957 κότον
864 2886 980 2980 ἔτρεφε
1002 2890 1081 2959 κατὰ
1104 2895 1165 2960 roa?

59 3187 139 3256 paeri
158 3184 245 3239 adhuc
266 3186 368 3251 inatar,
392 3183 425 3237 ab
443 3185 509 3237 urbe
538 3192 565 3236 ct
588 3184 665 3253 regia
682 3199 731 3251 per
757 3190 898 3252 cognatum
918 3184 1114 3250 removebatur,
1133 3192 1161 3238 et

59 3260 93 3312 ed
110 3273 186 3335 mere
205 3256 350 3309 ducebatur
371 3257 521 3311 advertam.
563 3255 718 3309 Botaniater
747 3261 834 3306 antem
859 3255 941 3322 patria
961 3256 989 3308 in
1008 3271 1066 3307 eum
1086 3258 1159 3308 inte.

58 3332 131 3383 atina
153 3336 181 3380 et
206 3328 384 3379 conditionem
411 3327 553 3380 otteudcna
578 3328 657 3380 etiam
676 3328 746 3379 intra
766 3327 866 3395 regiam
886 3342 944 3379 eum
966 3326 1115 3394 recipiebat
1133 3334 1161 3379 et

59 3402 205 3453 convivam
223 3397 363 3463 reddebat,
389 3406 468 3467 atque
486 3399 613 3451 invidiam
636 3399 669 3451 de
695 3412 727 3450 eo
753 3396 798 3449 vel
817 3398 996 3465 suspicionem
1016 3399 1160 3466 concipere

57 3471 185 3525 nolebat:
213 3469 382 3538 quamobrem
408 3470 487 3521 etiam
511 3485 598 3522 rernm
624 3476 652 3521 et
675 3470 894 3536 poaaeacionum,
920 3485 989 3537 qnae
1015 3470 1039 3519 ei
1059 3477 1159 3533 eaaent,

56 3542 162 3595 nnllarn
183 3541 390 3593 deminutionem
410 3541 483 3593 iecit.
521 3541 582 3593 talia
602 3549 659 3593 crat
682 3540 852 3604 Botaniatea‚
872 3541 960 3590 animo
980 3553 1061 3606 purae
1077 3554 1161 3607 εορη

56 3615 145 3668 aolem
166 3619 194 3663 et
211 3613 348 3680 ingenium
377 3611 440 3663 mali
467 3627 562 3679 erpere
586 3612 686 3664 habena
712 3620 739 3663 et
764 3613 834 3663 omni
862 3610 976 3662 liberum
1005 3611 1160 3677 suspicione

57 3686 135 3738 dira:
156 3684 204 3736 red
223 3682 269 3735 vel
283 3684 333 3746 ato,
354 3683 406 3734 niai
426 3683 551 3750 quaedam
563 3699 617 3735 non
635 3684 823 3752 invertiganda
838 3683 923 3751 gratia
942 3682 1170 3741 circumdedisset,

57 3773 129 3819 eum,
156 3769 212 3806 non
234 3754 269 3805 ad
286 3760 383 3805 tantam
410 3755 617 3806 mirericordiam
637 3757 773 3817 veniaaet,
793 3762 822 3805 nt
843 3754 921 3804 etiam
935 3752 1090 3804 manifestae
1109 3753 1160 3806 ad-

55 3828 196 3881 vemriua
212 3833 238 3876 et
259 3824 343 3875 dontio
362 3826 448 3893 etqui
469 3825 544 3893 quari
562 3825 655 3877 dorem
672 3825 821 3876 iuuentutis
838 3823 1004 3875 arcendiaeet
1023 3832 1049 3875 et
1068 3826 1159 3891 inepta

56 3897 213 3951 concilicet
227 3902 365 3963 reputaret
376 3910 449 3947 ruam
461 3911 525 3963 prae
537 3895 667 3948 felicitate
680 3896 766 3963 regni,
783 3902 809 3945 ct
822 3901 932 3946 necator
947 3896 1056 3961 gencria
1067 3910 1159 3947 eorum

56 3968 251 4022 conciliaretur
265 3974 293 4018 et
304 3967 472 4018 occationem
487 3967 563 4018 daret
573 3965 751 4018 conveniendi
764 3972 790 4016 et
804 3966 965 4018 convivandi
976 3974 1003 4017 et
1013 3965 1158 4036 celioque-

56 4050 131 4092 retur
142 4054 203 4089 cnm
216 4053 249 4089 ee
263 4046 290 4088 et
301 4038 393 4109 regiae
407 4039 623 4105 coniungeretur.
634 4035 684 4087 ille
693 4042 779 4086 autem
792 4037 865 4104 regia
876 4034 1089 4089 beneficientiam
1099 4053 1159 4089 ma.

55 4111 176 4164 iudcium
197 4124 230 4159 ex
256 4110 361 4175 ingrato
387 4108 474 4160 animo
494 4115 608 4175 putans,
636 4122 724 4173 neque
752 4107 975 4171 animadvertens,
1002 4123 1158 4172 eum,cu1n

55 4182 156 4234 liceret
173 4181 233 4247 regi
253 4186 280 4230 et
298 4179 415 4232 debitum
435 4188 506 4230 earet
524 4179 630 4229 omnino
653 4176 771 4229 funditur
796 4177 909 4244 perdere
929 4193 996 4229 eum
1007 4185 1037 4229 ut
1055 4177 1158 4229 hortem

56 4262 84 4306 et
101 4251 298 4315 adversarium,
317 4250 386 4302 nihil
407 4249 461 4302 tale
481 4250 615 4317 cogitatae
634 4257 662 4300 et
678 4247 789 4299 liberam
817 4249 942 4300 civitam
963 4257 990 4300 et
1006 4262 1157 4300 commora-

55 4327 160 4379 tionem
177 4321 283 4374 beatam
302 4329 330 4373 et
348 4321 473 4387 divitem,
491 4328 522 4373 ut
539 4328 635 4386 antea,
652 4320 807 4397 reliquium,
826 4334 932 4373 veneno
952 4320 1088 4389 periurum
1106 4318 1156 4374 ha-

110 4417 197 4476 rma
216 4417 297 4474 ιιιι
314 4414 383 4473 σοι.
479 4480 485 4490 ,
933 4415 968 4471 ιο
