3182 4986
585 388 796 458 ntswntn.
1044 404 1047 412 '
1165 386 1234 459 131

135 557 294 639 ποθῆσαι,
315 553 354 619 ἵν’
373 557 420 630 είς
440 554 477 619 τό
500 552 615 633 μέλλον
637 556 821 636 εύπαθῆσαι
853 553 1050 633 δυναιμεθας
1075 550 1128 617 διά
1152 555 1186 616 τί
1205 556 1240 619 δέ

135 654 194 720 κατ’
212 654 256 737 μη
282 657 317 718 έκ
339 653 522 738 πολιορκίας
537 652 714 737 αἱρήσομεν
737 652 772 718 τό
792 676 825 719 τε
847 643 926 717 άστυ
948 650 983 717 τό
1001 656 1106 718 Χλίατ
1128 655 1183 717 καί
1199 651 1239 717 τό

135 754 200 818 ύπό
222 754 341 820 τούτου
366 755 522 838 πολίχνια,
545 753 597 817 ἵνα
627 752 681 819 καί
701 751 730 819 οἷ
756 756 949 836 στρατιῶται
968 756 1022 837 τῆς
1044 755 1078 816 έκ
1100 756 1163 818 τάν
1185 758 1242 816 λα-

136 853 253 940 φύρων
279 854 437 942 ιδφελειάς
467 859 635 939 πλησθύσι
662 857 719 918 καί
738 851 975 937 προθυμότεροι
996 857 1166 936 γένωνται,
1187 851 1243 917 καί

105 962 202 1029 λιτοῖς
230 954 385 1031 ένοιντίοις
417 958 535 1042 έπέλθη
563 955 649 1039 δέος,
681 957 737 1018 καί
759 947 829 1019 άντί
848 954 1006 1035 πολεμίων
1039 949 1241 1019 αἱτοιαῦται

135 1055 244 1129 πόλεις
267 1052 447 1137 Ῥωμαϊκόν
476 1048 646 1137 ἡγεμονίαν
676 1051 894 1136 πλουτησωσι,
924 1054 980 1117 καί
998 1052 1149 1133 δυνάμεις
1170 1053 1240 1138 έφι.

135 1151 294 1233 στάμεναι
321 1154 357 1219 τό
389 1153 559 1220 ύντιλιαλον
594 1157 738 1238 ἰσχυρῶς
761 1151 1045 1238 άποκρούσωνται,
1065 1157 1119 1221 καί
1138 1151 1156 1237 ἦ
1177 1154 1240 1221 τοόν

140 1256 292 1337 Τούρκων
319 1254 459 1338 πάροδος
489 1253 522 1318 ἐκ
555 1254 776 1340 διαστημάτων
807 1252 888 1318 κατά
912 1254 1028 1338 μοίρας
1057 1256 1241 1337 ἐρχομένων

134 1359 294 1437 βραχείας
312 1354 490 1443 α’ναόταλῇ,
518 1358 573 1420 καί
599 1352 643 1437 μη
666 1350 857 1440 όρμητηριον
884 1359 1003 1434 μᾶλλον
1025 1353 1080 1419 καί
1095 1355 1241 1435 ὀψωνια-

88 1453 271 1538 responde
292 1451 419 1531 τούτοις
447 1459 579 1543 εύρίσκη
614 1452 694 1519 άλλά
716 1454 946 1539 πολεμητηριοτ
973 1453 1123 1541 άτεχνοός,
1145 1452 1199 1519 καί
1220 1453 1239 1537 ἦ

134 1556 190 1622 διά
215 1561 274 1639 τῆς
296 1559 549 1637 Μεσοποταμίας
571 1551 645 1630 όδός
666 1557 790 1629 τούτοις
811 1554 1000 1635 ἀνεπίβατος
1018 1554 1180 1641 γένηται.”

241 1658 339 1721 Ταότ’
362 1654 501 1733 εἰπόντος
514 1681 577 1738 μου
600 1655 679 1738 πρός
700 1656 755 1720 τόν
774 1659 920 1739 βασιλέα,
942 1657 1040 1745 εἰσῄει
1060 1655 1162 1747 ταύτην
1181 1662 1241 1739 μέ·
1302 1680 1305 1685 ·

135 1781 194 1843 χρε
216 1755 344 1839 βάθους
365 1755 381 1821 ὅ
402 1754 492 1846 λόγος
513 1754 620 1841 ὥσπερ
643 1780 690 1832 τις
719 1757 836 1839 σπόρος
858 1758 903 1832 εἰς
930 1750 1028 1838 εόγεω
1051 1760 1106 1823 καί
1126 1759 1241 1841 έρίβω-

136 1865 193 1923 λον
213 1861 291 1942 γῆν,
320 1858 375 1922 καί
406 1861 621 1938 μεταθέμενος
649 1854 752 1931 εύθύς
781 1859 834 1941 τῆς
861 1863 1053 1942 προσωτέρω
1084 1859 1243 1942 φερούσης
1328 1845 1338 1857 ⁸

91 1951 256 2042 ίῧῆψατο,
281 1956 342 2032 ἕως
360 1956 416 2022 τόν
437 1956 609 2042 Εὐφράτην
632 1957 882 2042 διοπεραιωθείς
912 1957 986 2034 τούς
1007 1962 1177 2038 πολεμίους
1198 1959 1243 2031 είς

135 2057 173 2124 τά
196 2061 338 2144 σφέτερα
366 2058 512 2141 βαδίζειν
534 2061 725 2141 παρέπεισε·
775 2059 849 2140 περί
875 2055 932 2132 τάς
964 2049 1067 2138 ὄχθας
1093 2055 1154 2141 γάρ
1186 2058 1243 2122 τοῦ

134 2161 285 2240 ποταμοῦ
321 2159 645 2242 στρατοπεδευόμενοι
683 2150 781 2242 ἦσαν,
819 2158 1063 2239 καραδοκοῦντες
1095 2156 1153 2240 τήν
1188 2161 1244 2224 τού

131 2264 295 2341 βασιλέως
326 2256 586 2342 α’παναχιόρησιν.
636 2253 722 2342 εἶχον
757 2262 818 2338 μέν
855 2250 912 2320 ούν
946 2258 1072 2332 έλπίδες
1103 2255 1244 2334 ἅπαντας

133 2362 331 2444 στρατηγίας
349 2365 498 2442 μεγίστης
516 2362 570 2424 καί
591 2360 840 2445 λαφυραγωγίας
861 2359 895 2423 έκ
915 2361 972 2440 τῆς
986 2360 1048 2422 τοόν
1069 2358 1270 2442 είρημένωνῐ.
1283 2375 1343 2434 193.
1352 2387 1381 2429 τ.

85 2457 286 2544 ωαάστρων
308 2457 456 2553 άλοόσειός
478 2484 511 2523 τε
534 2464 590 2524 καί
610 2457 857 2541 παραστάσεως·
908 2453 928 2543 ἦ
954 2458 982 2522 δ’
1008 2458 1185 2523 έλαύνουσα
1200 2458 1241 2525 τά

129 2547 306 2640 Ῥωμαίων
327 2561 372 2636 εἰς
392 2557 447 2643 την
467 2562 598 2626 κατόπιν
616 2562 750 2645 α’κληρίοι
774 2559 831 2623 otiu
862 2555 913 2624 εἴα
935 2563 1035 2646 πέρας
1056 2561 1244 2644 ἐπιτεθῆναι

134 2665 278 2727 συνετοῦ
298 2657 519 2745 διατάγματος.
564 2661 608 2738 ade
627 2658 688 2747 γάρ
711 2659 729 2724 ό
753 2660 905 2743 βασιλεύς
928 2658 1027 2739 εύθύς
1048 2664 1103 2747 τῆς
1117 2661 1243 2745 Ῥωμα-

216 2840 241 2891 1.
263 2836 400 2913 δαληρίαν
417 2838 448 2893 0.

136 3001 241 3066 sindo,
260 3000 423 3070 inquiebam,
443 3016 501 3067 rex,
521 3000 608 3053 adhue
621 3016 691 3054 anno
711 3003 782 3055 eireu
801 3004 885 3055 ariam
904 3005 1014 3056 aestatis
1033 3009 1176 3069 versante,
1195 3019 1243 3057 re.

136 3073 284 3142 linquendi
304 3072 395 3125 hostes
412 3074 440 3124 in
460 3072 621 3126 (iraeeornua
639 3080 712 3126 tarru
731 3082 759 3125 et
776 3075 927 3128 remissioni
954 3088 983 3126 se
1010 3083 1037 3126 et
1061 3074 1244 3142 voluptatibus

136 3144 265 3198 tradendi
284 3158 374 3213 neque
391 3158 462 3195 nnnc
482 3142 629 3209 laborandi,
648 3153 679 3196 nt
698 3145 785 3196 iutnro
804 3151 925 3211 ternpore
945 3144 1041 3197 ieliees
1066 3160 1126 3197 esse
1153 3145 1245 3211 possi..

135 3230 210 3269 mus.
249 3231 308 3267 earn
326 3223 414 3267 antem
432 3231 521 3283 neque
540 3216 741 3284 oppugnatione
760 3216 895 3282 capiemus
913 3214 1005 3266 orbern
1025 3214 1114 3269 Chiiat
1141 3222 1169 3265 et
1192 3229 1244 3281 op.

136 3288 206 3357 pide
229 3288 296 3351 eins,
315 3295 346 3339 ut
365 3288 443 3338 etium
461 3287 561 3338 milites
579 3287 694 3354 praedae
715 3288 831 3338 utititata
851 3285 1009 3353 expleantur
1034 3295 1061 3337 et
1085 3286 1244 3354 promtiores

136 3361 218 3422 dant,
238 3367 265 3409 et
283 3357 406 3411 hostibus
424 3358 552 3410 obveniat
570 3360 657 3422 timor,
678 3365 705 3409 et
731 3373 779 3425 pro
808 3356 929 3411 hostibus
958 3358 1009 3409 lrae
1036 3356 1116 3408 urbes
1143 3356 1244 3410 Graeco

136 3431 257 3497 imperio
277 3429 399 3482 διάκειται·
419 3437 446 3480 et
464 3431 536 3481 vires
555 3430 685 3483 instantes
704 3431 852 3483 contrarios
872 3429 977 3481 sortiter
996 3428 1145 3496 repellente
1165 3438 1245 3497 atque

136 3502 286 3555 ancarnrn
304 3503 356 3553 iter
376 3517 408 3553 ex
427 3501 578 3553 intervallis
597 3502 714 3568 partibus
733 3501 958 3570 proficiscentium
977 3502 1067 3567 parvis
1086 3501 1245 3565 detineatur,

136 3588 234 3642 neque
253 3572 341 3624 locum
360 3574 462 3625 flrmnrn
481 3579 508 3624 et
527 3582 699 3626 commeatum
724 3575 752 3624 in
772 3573 812 3624 hie
833 3574 959 3641 reperiat,
978 3572 1026 3623 sed
1043 3571 1181 3622 defensam
1200 3571 1245 3625 io.

137 3660 204 3698 curn
227 3657 353 3711 prorsus,
380 3651 460 3713 atque
485 3645 530 3695 ria
554 3660 603 3713 par
633 3645 849 3713 Mesopotamiam
880 3644 969 3695 ierens
1003 3642 1043 3694 his
1068 3643 1246 3697 inaccessibi-

136 3717 177 3769 iis
198 3716 270 3768 tuta

244 3800 387 3872 Postquam
406 3803 473 3855 haee
493 3802 547 3856 dixi
567 3805 599 3856 ad
616 3820 718 3873 regern,
739 3804 850 3856 incessit
866 3802 929 3854 huic
944 3818 1028 3872 usqua
1042 3802 1073 3855 nd
1088 3802 1247 3871 profundum

136 3877 243 3938 oratio,
262 3876 340 3943 qnasi
359 3890 438 3942 seges
455 3876 482 3927 in
502 3876 597 3928 bonum
618 3883 646 3926 et
664 3876 779 3927 ierncern
791 3883 897 3926 terram.
920 3882 947 3925 et
965 3877 1125 3927 sententiam
1143 3885 1246 3929 mutans

134 3949 234 4001 statim
253 3948 322 3998 riam
342 3961 411 4015 quae
430 3948 459 3998 in
478 3942 607 3999 directum
627 3946 729 3998 ferebat
757 3947 833 3998 iniit:
859 3945 946 3997 donee
970 3944 1133 4012 Euphratem
1157 3955 1247 4001 trans.

135 4034 256 4090 gressu
277 4018 369 4069 hostes
387 4018 420 4069 ad
438 4032 486 4070 sna
504 4017 579 4070 abire
598 4020 697 4085 coegit.
736 4018 807 4069 circa
825 4017 897 4084 ripas
916 4019 985 4069 enirn
1004 4017 1119 4071 dominis
1147 4021 1174 4070 in
1200 4036 1247 4071 cu.

134 4092 207 4145 stris
226 4096 318 4153 erant,
345 4096 532 4155 exspectantes
557 4091 629 4156 regis
656 4088 777 4145 reditum.
827 4088 934 4141 alebant
957 4090 1040 4158 igitar
1063 4106 1137 4159 spem
1157 4103 1248 4142 omnes

135 4161 325 4230 expeditionis
342 4162 472 4212 maximas
491 4168 518 4212 et
535 4160 650 4228 praedae
669 4159 788 4228 agendae
809 4162 1008 4229 expugnatione
1035 4169 1062 4213 et
1086 4163 1186 4228 impeta
1204 4160 1248 4210 di.

135 4244 246 4287 ctorem
264 4230 447 4283 casteiiornrn.
485 4248 543 4285 sors
561 4239 648 4283 autern
668 4246 736 4300 qnae
753 4247 798 4284 ras
813 4232 973 4285 Graecorum
990 4235 1018 4284 in
1035 4240 1170 4300 posterum
1189 4245 1248 4281 rna.

134 4308 200 4362 inan
218 4303 309 4376 pellit,
328 4317 383 4355 non
402 4316 481 4371 passa
502 4311 544 4357 est
561 4304 640 4356 dnern
658 4304 784 4356 eonstitni
810 4304 947 4373 prudentis
964 4304 1080 4372 imperit,
1099 4314 1158 4355 carn
1177 4301 1246 4355 enim
