3222 5000
389 317 438 389 28
684 319 900 390 utcuuruts
931 317 1193 390 affuturae

388 487 584 568 τεμέμψατο,
598 479 655 550 ότι
675 488 733 549 τοῦ
760 484 874 567 καιροῦ
896 482 1039 558 διδόντος
1065 480 1099 548 τό
1123 480 1278 567 πρότερον
1305 486 1491 566 μαλοκιόττ.

390 609 446 669 ρον
468 584 566 663 αότός
586 586 639 671 τὴν
659 585 845 672 φιλοτιμίαν
868 584 1005 663 ἐδέξατο.
1050 586 1105 649 καί
1124 580 1194 650 τότε
1209 580 1319 650 λοιπόν
1339 585 1384 659 είς
1405 583 1493 671 ἔργον

390 684 407 749 ό
429 689 517 768 λόγος
539 691 715 773 ἐκβέβηκεν,
731 680 778 750 ότι
803 689 845 772 τῷ
864 684 1035 768 Ἐπιμηθεῖ
1051 684 1083 750 τό
1100 687 1161 765 μὲν
1177 689 1284 766 μέλειν
1306 686 1365 749 οόκ
1385 676 1435 771 η’ν,
1458 688 1490 751 τό

391 788 427 852 δέ
446 791 635 869 μεταμέλειν
655 783 736 872 ἐνῆν.
759 783 893 860 πολλοὺς
924 787 952 848 δ’
975 784 1234 871 ε’μπεριπατησας
1256 784 1409 863 διαύλους
1432 788 1488 872 πρά

325 956 328 963 ,
390 891 453 952 τοόν
473 890 604 970 τειχῶν,
634 882 703 953 εἶτα
734 882 809 961 τοός
830 882 1007 960 ἑαλωκότας
1039 882 1230 971 προαγαγοόν
1257 888 1314 948 καί
1333 887 1512 970 διαχειρι’.5
1557 962 1558 981 η

390 991 512 1053 naseos
545 984 674 1064 τοότους
701 984 967 1066 έπαπειλοόμενος
999 986 1030 1050 εἰ
1053 985 1096 1068 μη“
1119 983 1175 1069 τὴν
1206 982 1330 1051 εἴσοδον
1351 987 1441 1073 adegi
1463 982 1491 1049 οὶ

390 1084 479 1164 όντός
508 1090 733 1173 έπιτρέψαιεν,
752 1086 796 1161 οἷς
819 1082 899 1170 ἔγνω
917 1083 1021 1169 μάτην
1042 1083 1076 1151 τό
1108 1088 1165 1150 τοῦ
1190 1087 1282 1169 λόγου
1305 1090 1493 1170 θυροκοπῶν

326 1244 333 1253 .
391 1188 446 1253 καί
465 1189 545 1273 πρός
571 1192 703 1275 Κρῆτας
723 1190 895 1275 κρητίζων,
915 1184 1150 1271 όπισθόρμητος
1171 1190 1287 1271 γέγονε.
1558 1268 1559 1275 ρ

494 1292 565 1355 Καί
593 1277 681 1366 τινας
717 1288 837 1372 ἡμέρας
871 1290 905 1352 έν
934 1287 1135 1369 Θερμοπάλει
1168 1286 1493 1374 ἐπιστρατευσάμενος
1558 1280 1559 1291 ³

392 1386 526 1475 ἑτέρας,
555 1391 734 1472 ἀρξαμένου
755 1391 814 1452 τοῦ
834 1384 977 1472 πλήθους
1001 1389 1100 1452 αδτοό
1121 1387 1271 1472 ὑπορρεῖν
1292 1393 1347 1454 καί
1369 1393 1412 1477 τῷ
1430 1392 1531 1471 βα-ίλ

391 1496 477 1557 σιλεῑ
495 1494 680 1573 προσιέναι,
708 1482 789 1571 άρας
819 1491 941 1553 έκεῖθεν
963 1487 1075 1564 νυκτός
1104 1485 1181 1572 πρὸς
1199 1481 1336 1572 ἑσπέραν
1356 1490 1495 1576 ἐβάδιζε,

391 1590 447 1655 καί
467 1589 546 1655 κατά
571 1592 627 1672 τῆς
644 1588 831 1654 ‘Potamou‘
851 1585 958 1671 (πόλις
979 1590 1014 1652 δέ
1036 1582 1114 1672 αότη
1137 1586 1301 1673 παράλιος,
1323 1593 1495 1674 τῆςΠροι·

391 1689 542 1775 κοννησου
567 1691 733 1777 άπέναντι)
756 1690 953 1777 πανστρατιᾷ
987 1686 1187 1775 ἐξωρμησατο
1210 1688 1304 1774 (μόνη
1324 1689 1387 1775 γάρ
1412 1687 1494 1776 αότη

391 1794 455 1856 τοόν
477 1792 707 1857 Μακεδονικῶν
736 1793 774 1854 οδ
805 1786 997 1877 συναπήχθη
1025 1787 1127 1881 τοάτρι
1159 1791 1222 1875 καί
1248 1790 1495 1878 συνεφρόνησε),

391 1892 536 1957 οπεάδων
555 1891 633 1957 κατά
657 1888 770 1976 κράτος
801 1889 884 1957 ἑλεῖν
912 1888 970 1976 την
1003 1890 1094 1956 πόλιν
1123 1888 1179 1955 καί
1199 1893 1243 1954 δι’
1274 1889 1534 1976 adspexere-15
1560 1892 1561 1897 ’

391 1996 503 2076 πλῆξαι
534 1990 609 2068 τοός
638 1990 887 2077 ἀντιβαίνοντας.
938 1991 1129 2076 προσραγεός
1155 1995 1189 2057 δέ
1212 2001 1277 2067 τοῖς
1298 1995 1419 2076 τείχεσι
1441 1998 1500 2060 κατ’

389 2091 537 2178 μηχανάς
557 2090 729 2179 ἐπιστάσας
750 2094 870 2174 adroic,
892 2096 954 2158 τιόν
985 2090 1074 2158 ἔνδον
1092 2091 1262 2179 εόροόστως
1282 2092 1497 2177 άνταγωνιζο.

390 2197 494 2276 μένων
515 2187 671 2278 άπρακτος
694 2191 872 2279 α’πηλλάγη,
893 2196 993 2280 μηδὲν
1022 2191 1241 2279 κατωρθωκώς
1265 2185 1367 2278 ὦνπερ
1390 2195 1499 2275 διενο-

391 2290 498 2380 ήσατο.
549 2290 582 2372 ἐξ
604 2295 725 2358 ἐκείνου
746 2294 853 2360 τοίνυν
874 2295 931 2380 την
950 2294 1153 2380 παρεμβολὴν
1175 2298 1210 2361 ἐν
1234 2280 1303 2370 τοῖς
1318 2301 1500 2379 μεσογείοις

389 2398 585 2479 προθέμενος
618 2394 802 2477 ἐκαραδόκει
824 2394 860 2459 τό
884 2401 1009 2478 μέλλον.
1062 2388 1199 2481 ἤρξαντο
1221 2398 1255 2460 δὲ
1275 2394 1330 2461 κατ’
1348 2392 1411 2460 α’πό
1435 2401 1540 2464 radalli

389 2499 446 2579 τῆς
465 2490 549 2571 ἑοόας
576 2497 686 2561 πολλοί
720 2495 799 2579 πρός
821 2496 880 2580 την
903 2496 1140 2579 βασιλεόουσαν
1161 2499 1319 2590 ἐπιρρεῖν,
1347 2502 1500 2588 πανταχῇ
1562 2490 1563 2537 3

390 2592 585 2678 γραμμάτων
619 2597 894 2681 έπιφοιτησάντων
914 2598 1105 2678 βασιλικῶν·
1157 2603 1213 2662 καί
1232 2595 1392 2682 προιόντες
1412 2603 1502 2676 τινός

391 2689 575 2772 όποοπάδες
607 2694 771 2782 ἐξήπτοντο
803 2703 866 2765 τόν
887 2701 1094 2781 πεμπομένων
1114 2697 1176 2783 πρό
1205 2704 1259 2784 τῆς
1280 2702 1502 2787 παρεμβολῆς,

394 3017 465 3089 quod
494 3031 553 3070 curu
573 3020 679 3071 occasio
705 3019 729 3071 ei
748 3018 916 3087 praebuisset
944 3019 1099 3083 victoriam,
1128 3016 1237 3071 mollius
1269 3019 1328 3086 ipse
1358 3025 1503 3073 commea

392 3097 542 3144 tractasset.
580 3099 660 3159 atque
677 3099 732 3142 tum
752 3099 849 3143 euentu
869 3091 1006 3158 probatum
1027 3099 1068 3142 est
1091 3090 1273 3157 prouerbium,
1293 3089 1363 3158 quod
1383 3090 1505 3158 Epime-

391 3162 455 3215 theo
466 3178 555 3214 curam
570 3178 623 3215 uon
635 3172 779 3229 suppetere
793 3166 838 3227 ait,
852 3172 995 3230 suppetere
1004 3163 1205 3230 poeniteutiam.
1226 3161 1321 3213 multas
1334 3168 1424 3213 auteur
1439 3178 1506 3214 cum

392 3236 568 3303 percurrisset
586 3237 644 3287 rias
665 3244 725 3286 ante
744 3248 848 3297 muros,
868 3235 964 3286 deinde
983 3242 1075 3301 captos
1088 3234 1257 3301 produxisset
1276 3241 1302 3283 et
1322 3249 1351 3285 se
1369 3235 1506 3286 trucidari

393 3306 442 3358 bos
462 3308 592 3358 iussurum
611 3307 745 3357 minitatus
766 3316 856 3369 esset,
885 3307 935 3357 nisi
954 3308 1051 3358 aditum
1071 3307 1096 3355 ei
1121 3306 1165 3373 qui
1185 3306 1256 3356 intus
1276 3312 1350 3355 erant
1369 3305 1507 3357 tradidis-

392 3386 461 3440 sent,
481 3386 617 3446 postquam
640 3378 770 3446 cognovit
787 3377 884 3428 lrustra
903 3378 973 3430 dicta
993 3392 1052 3429 esse
1072 3375 1164 3441 verba,
1183 3384 1272 3443 portus
1290 3376 1400 3442 pulsans
1422 3384 1453 3427 et
1475 3386 1507 3430 ut

392 3449 424 3502 ad
444 3448 586 3503 Cretenses
605 3450 681 3518 quasi
701 3448 838 3501 Cretensis
855 3451 980 3500 mentitus
998 3449 1087 3500 rediit.

490 3520 525 3573 Et
548 3520 692 3573 nonnullos
719 3520 777 3572 dies
802 3519 996 3588 Thermopylae
1029 3527 1167 3586 postquam
1195 3526 1282 3569 castra
1306 3519 1398 3585 posuit
1416 3518 1510 3599 alios²

391 3608 451 3645 eum
470 3593 606 3659 coepisset
628 3590 769 3643 multitudo
796 3592 820 3642 ei
840 3591 958 3644 delluere
987 3598 1015 3642 et
1042 3592 1074 3643 ad
1098 3603 1190 3657 regern
1215 3591 1270 3653 ire,
1297 3590 1416 3640 surrexit
1437 3592 1507 3642 inde

390 3671 472 3716 noctu
493 3664 569 3714 etad
589 3663 754 3716 occidentem
783 3663 838 3715 ibat
864 3671 890 3713 et
908 3670 1001 3715 contra
1018 3661 1169 3714 llaidestum
1197 3659 1274 3729 (urbs
1293 3670 1334 3712 est
1351 3660 1420 3712 haec
1439 3677 1508 3713 ma.

392 3736 480 3786 ritima
499 3733 696 3786 Proconnesum
722 3739 832 3806 uersus)
859 3750 917 3787 eum
943 3742 999 3785 toto
1014 3734 1134 3785 exercitu
1154 3738 1248 3783 uectus
1271 3740 1326 3796 est3
1343 3730 1402 3783 sola
1425 3735 1508 3785 euin

393 3805 460 3855 baec
479 3803 541 3854 urbs
562 3805 790 3858 Macedonicarum
815 3820 869 3858 uon
897 3805 1022 3857 subducta
1051 3813 1108 3856 erat
1126 3802 1158 3854 ab
1179 3803 1246 3866 lroe,
1274 3811 1301 3854 et
1318 3803 1509 3857 meditabatur

393 3874 503 3927 studens
524 3874 551 3923 vi
572 3889 704 3943 occupare
722 3878 813 3930 urbem
841 3885 868 3929 et
891 3892 940 3945 per
966 3892 1023 3927 eam
1048 3884 1177 3928 terrorem
1197 3876 1310 3925 iniicere
1329 3877 1512 3942 aggredien-

393 3944 472 3996 tibus.
511 3959 655 4011 aggressus
681 3956 767 3999 autem
796 3950 904 3999 moenia
931 3956 958 3999 et
981 3947 1109 3999 machinis
1134 3946 1265 4014 oppositis
1289 3946 1339 4008 iis,
1370 3961 1434 3997 curu
1458 3953 1512 4017 qui

393 4017 463 4066 intus
483 4021 559 4065 erant
578 4013 668 4067 valide
686 4019 852 4083 resisterent,
872 4020 981 4071 iniectis
998 4017 1078 4070 rebus
1099 4017 1181 4073 abiit,
1201 4024 1339 4085 postquam
1360 4016 1432 4068 ullril
1456 4035 1512 4070 re.

393 4086 511 4151 portavit
528 4099 629 4147 eorum,
649 4100 717 4154 quae
737 4090 874 4141 meditatus
894 4099 958 4142 erat.
998 4106 1031 4141 ex
1051 4104 1083 4141 eo
1103 4090 1185 4156 igitur
1203 4094 1324 4159 tempore
1342 4090 1457 4153 eastris,
1481 4093 1513 4143 iu

392 4155 593 4207 mediterraneis
614 4159 707 4222 positis
728 4161 898 4226 exspectabat
923 4162 1048 4213 luterum.
1086 4166 1230 4227 coeperant
1257 4168 1343 4209 autem
1364 4160 1450 4210 etiarn
1474 4178 1514 4214 ex

392 4228 496 4283 oriente
515 4227 590 4280 multi
610 4229 641 4281 ad
662 4231 802 4300 capitalem
821 4232 933 4289 allluere
959 4233 1057 4302 ubique
1085 4231 1172 4285 litoris
1191 4230 1336 4301 divulgatis
1355 4232 1458 4302 regiis,
1483 4242 1513 4285 et
