3150 4986
1 96 7 381 λ
395 396 477 487 oso
599 336 604 348 ⁵
689 391 910 467 sucnsuu
940 388 1200 469 ancnoris

84 626 87 631 ,
263 579 284 637 i.
298 580 352 637 212
361 593 384 633 τ.
497 564 611 644 Μοῖρα
635 563 671 627 dd
690 584 736 635 τις
763 561 826 626 ταῖν
852 556 1008 641 ἑσπερίων
1032 552 1280 643 στρατευμάτων
1313 557 1347 634 ἐξ
1366 552 1488 637 ’Λίριο-

393 656 575 737 νονπύλεως
608 653 716 744 ἄρασα
744 664 787 748 τρῖ
816 665 946 743 βασιλεῖ
972 658 1230 743 προσελήλυθεν,
1259 656 1360 721 εἰπεῖν
1385 675 1420 717 τε
1444 647 1491 716 κατ’

397 763 537 827 α’κσύσαι
559 762 635 846 παρ’
658 763 758 827 αύτοῦ
776 759 962 826 σπεύδουσα
992 757 1048 842 τήν
1075 761 1137 824 τῶν
1159 754 1412 842 ἐπιζητουμένων
1435 753 1489 817 ού·

396 871 463 938 τοῖς
496 860 684 946 ἀπόκρισιν·
728 859 935 927 ε’πενεκοίλουν
967 857 1029 944 γαρ
1052 861 1197 942 στέρησιν
1228 859 1289 922 τῶν
1309 878 1490 939 στροτιωτι·
1532 894 1537 901 ·

398 966 462 1028 κοῖν
496 963 646 1046 ὀψωνίων
678 963 733 1026 καί
756 964 973 1036 κακοπαθείας
1009 959 1098 1035 τινας
1133 961 1165 1037 ἐξ
1198 958 1412 1042 ἀπρονοησίιις
1437 958 1511 1021 ruso

398 1062 599 1149 κρατούντων
619 1063 674 1127 καί
694 1060 879 1146 α’πλησιίας.
934 1058 962 1125 οἱ
984 1062 1020 1126 δὲ
1041 1056 1201 1142 περί.τόν
1224 1061 1359 1141 βασιλέα
1381 1057 1492 1132 α’δίκως

398 1161 518 1240 αύτούς
534 1164 735 1245 μετελθόντες
750 1162 973 1248 στρατιωτικόν
985 1186 1018 1226 τι
1030 1163 1152 1245 πλῆθος
1173 1160 1218 1236 είς
1242 1161 1372 1243 ἐνέδραν
1391 1156 1492 1222 αύτύν

398 1265 653 1349 προητοίμασεν,
677 1267 732 1330 καί
757 1260 805 1328 ὅτε
826 1261 959 1338 τούτους
970 1257 1077 1345 ,ἔγνων
1097 1265 1158 1326 τῶν
1177 1263 1281 1325 ἳππων
1302 1258 1494 1338 καταβάντας

397 1365 452 1429 tut
465 1366 510 1453 τῷ
523 1366 654 1448 ποιῆσαι
668 1366 723 1451 την
735 1362 890 1449 ἔγκλησιν,
908 1366 974 1429 κατ’
991 1364 1097 1429 αύτύν
1113 1361 1240 1448 α’φηκαν
1254 1359 1329 1436 τούς
1343 1356 1495 1445 ε’φειλρεύ-

399 1488 507 1541 οντας·
530 1464 585 1530 καί
603 1464 637 1531 ολ
654 1470 883 1551 περιχυθέντες
905 1462 980 1540 τούς
1002 1463 1184 1550 ὁμοφύλους
1202 1463 1353 1547 σφοδρῶς
1367 1457 1423 1543 κατ’
1442 1465 1531 1524 rso-li

311 1576 318 1587 '
396 1569 515 1649 λεμίως
534 1564 711 1656 κατῄκιζον,
735 1566 767 1632 oi
778 1568 838 1648 μὲν
853 1562 986 1653 ρὀἱβδοις
1005 1568 1152 1650 σιδηραῖς
1170 1560 1288 1637 αύτούς
1304 1565 1499 1627 κατατείνον-

398 1690 460 1746 τες,
482 1666 516 1731 oi*
533 1670 568 1732 di
591 1671 696 1751 ’ξίφεσι
711 1671 841 1743 τελείοις
863 1668 1069 1750 ἀναιροῦντες
1082 1662 1233 1746 revomi*
1253 1664 1288 1728 δὲ
1306 1659 1363 1737 τύς
1384 1659 1499 1746 σκηνύς

399 1766 508 1832 αὐτῶν
531 1766 759 1851 διαρπάζοντες
780 1768 836 1832 καί
855 1768 930 1844 τούς
951 1767 1067 1842 ἵππους
1088 1765 1406 1851 συναφαρπύζοντες.
1425 1763 1499 1829 τού·

398 1889 457 1931 του
471 1868 508 1933 δὲ
522 1870 691 1950 γενομένου
709 1867 808 1943 πολύς
824 1865 909 1943 ἔλεος
924 1870 1043 1952 ἐπῆλθε
1057 1876 1123 1943 τοῖς
1138 1865 1328 1947 Βυζαντίοις
1341 1863 1425 1949 ύπὲρ
1441 1867 1500 1929 τοῦτ

399 1968 550 2044 ιίναιτίως
570 1966 739 2033 παθόντων
758 1970 975 2052 στρατιωτῶν,
1010 1968 1065 2033 καί
1086 1974 1243 2051 κατέγνων
1263 1971 1323 2032 τοῦ
1344 1966 1500 2048 βασιλέως
1511 1972 1538 2025 15

399 2069 455 2133 κατ’
475 2070 536 2135 τῶν
557 2070 632 2152 περί
652 2067 752 2134 ου’τὸν
774 2070 832 2134 σοίι
851 2071 1022 2153 ἐλαχίστην
1043 2066 1099 2155 την
1119 2061 1239 2149 ἄνοιαν,
1262 2062 1344 2132 ιύστε
1363 2069 1419 2131 κατ’
1440 2064 1501 2129 αύ-

398 2167 453 2237 sor
474 2170 593 2236 ἐκεῖνον
613 2167 792 2253 μετιὶμελον
813 2173 969 2250 δέξασθαι
999 2171 1054 2237 καί
1080 2170 1245 2236 ἀνασῶσαι
1277 2165 1402 2244 τούτοις
1431 2164 1500 2232 τινὰ

399 2274 464 2337 τόν
487 2273 737 2356 ίιαρπαγίντων,
755 2271 799 2358 μὴ
822 2275 928 2353 μέντοι
950 2274 986 2337 δέ
1006 2297 1036 2337 τι
1054 2275 1174 2358 πρᾶξαι
1192 2268 1249 2356 την
1265 2269 1418 2353 τοιαύτην
1440 2294 1503 2333 πα-

398 2374 523 2457 ροινίαν
553 2374 609 2437 καί
638 2373 761 2472 βλάβην
801 2371 1078 2454 ἀνακαλούμενον,
1110 2371 1192 2457 μήτε
1225 2370 1411 2457 φιλοτιμίαν
1434 2368 1505 2433 τινὰ

399 2478 466 2547 τοῖς
485 2472 694 2558 στρατιώταις
720 2475 906 2541 ἀποδοῦναι.
950 2472 1021 2538 ἀλλ’
1043 2475 1077 2538 οἳ
1092 2496 1134 2557 γει
1159 2472 1237 2558 πρὸς
1259 2468 1298 2536 τύ
1321 2472 1424 2534 οἰκεία
1447 2466 1542 2534 isi-²⁰

400 2597 460 2658 πης
482 2573 523 2637 ου’
553 2571 670 2661 μικρᾶς
700 2574 871 2658 α’νύμεστοι
901 2573 1195 2662 ἐπαναστραφένττς
1219 2575 1275 2638 ούκ
1303 2567 1422 2656 ἤθελον
1454 2574 1507 2638 ἐπί

400 2677 456 2740 τοῦ
480 2673 580 2742 αύτοῦ
599 2678 716 2759 μένειν,
740 2675 820 2741 α’λλιὶ
844 2674 919 2755 τούς
941 2674 1198 2758 πολεμιωτάτους
1219 2667 1411 2758 οἷμύνασθαι
1435 2676 1505 2740 διε-

403 2774 578 2840 σκίπτονιο.
1268 2774 1270 2779 “
1572 2782 1573 2821 ι

407 3120 409 3125 -
500 3082 566 3142 Pars
584 3095 672 3143 ααιοαι
690 3091 820 3160 quaedam
837 3090 950 3144 rnilitum
979 3091 1184 3145 occidentalium
1208 3090 1384 3161 Adrianopoli
1412 3093 1509 3160 proie-

402 3164 445 3214 cta
463 3159 497 3213 ad
514 3176 606 3230 rogam
624 3162 709 3227 venit,
728 3162 820 3216 dicere
838 3172 865 3215 et
883 3164 975 3215 audire
993 3164 1026 3215 ab
1046 3178 1079 3214 oo
1098 3163 1207 3215 studens
1225 3163 1424 3232 postulatorum
1442 3179 1511 3219 auo-

403 3247 461 3285 rum
481 3247 655 3302 responsum:
673 3235 706 3287 ad
726 3233 778 3287 hoc
797 3234 957 3289 accusabant
980 3232 1158 3302 privationem
1187 3233 1373 3287 alimentorum
1405 3235 1512 3288 milita-

404 3307 471 3357 rium
492 3312 520 3357 et
538 3303 608 3356 mala
627 3306 765 3375 quaedam,
785 3322 853 3376 quaa
875 3323 909 3358 ex
927 3307 1153 3360 inconsiderantia
1172 3309 1357 3374 imperantium
1385 3316 1415 3361 et
1435 3309 1512 3360 insa-

402 3374 547 3429 tiabiiitato
567 3384 626 3428 orta
648 3384 747 3430 essent.
785 3379 853 3447 regii
875 3387 963 3430 autem
983 3380 1081 3431 iniuste
1101 3394 1148 3430 eos
1167 3381 1253 3431 secuti
1271 3379 1419 3431 militarem
1439 3378 1513 3431 mui-

402 3446 544 3501 titadiuam
562 3442 731 3502 ad’iasidiaa
756 3463 847 3501 eorum
872 3459 1013 3517 pararunt,
1033 3459 1060 3503 et
1086 3466 1146 3502 cuni
1172 3453 1365 3517 cognovissent
1394 3451 1449 3504 hos
1481 3464 1513 3499 ex

403 3520 480 3590 equis
500 3520 674 3574 descendisse
693 3521 725 3572 ad
744 3523 941 3573 accusationem
960 3523 1159 3587 instituendam,
1178 3532 1270 3575 eontra
1290 3537 1337 3574 eos
1349 3523 1515 3577 dimiserunt
1572 3530 1573 3575 i

403 3592 579 3645 insidiantes:
598 3595 678 3662 atque
699 3593 853 3645 circumfusi
873 3592 995 3647 homines
1015 3595 1134 3647 eiusdem
1152 3595 1242 3662 stirpis
1261 3594 1400 3646 horridum
1422 3604 1452 3646 et
1463 3596 1514 3645 iio.
1572 3588 1573 3633 i

403 3662 492 3717 utilem
511 3665 538 3719 in
557 3664 661 3718 modum
682 3665 824 3730 vexabant,
844 3663 891 3717 alii
908 3665 1074 3733 scipionibus
1093 3666 1188 3718 ierreis
1216 3682 1263 3718 eos
1291 3673 1441 3733 petentes,
1466 3666 1514 3718 aiii
1572 3638 1573 3713 λ

404 3732 502 3799 gladiis
519 3738 649 3804 perfectis
667 3745 795 3790 necantes
813 3732 969 3802 nonnullos,
988 3736 1034 3789 alii
1053 3738 1169 3789 tentoria
1189 3753 1279 3790 eorum
1299 3736 1469 3804 diripientes
1490 3745 1517 3788 et

405 3817 489 3869 equos
507 3807 585 3858 simul
604 3810 773 3876 praedantes.
812 3808 958 3861 bisantem
978 3808 1055 3861 iactis
1074 3809 1156 3861 multa
1175 3810 1311 3860 miseratio
1325 3809 1447 3862 incessit
1458 3809 1517 3874 By-

404 3874 508 3928 zantios
526 3884 635 3944 propter
652 3879 752 3933 milites
771 3882 930 3933 innocenter
948 3880 1079 3944 afflictos,
1106 3889 1133 3932 et
1158 3880 1308 3933 tribuerunt
1333 3882 1397 3949 regi
1425 3883 1461 3933 iis
1482 3894 1517 3931 ne

404 3944 451 4013 qui
470 3948 541 3998 circa
561 3963 620 4000 eum
641 3960 724 4018 crant,
744 3952 950 4006 nonniniuam
970 3938 1182 4020 imprudentiam,
1209 3952 1246 4003 ita
1269 3960 1298 4002 ut
1324 3959 1352 4003 et
1375 3954 1442 4020 ipse
1463 3897 1518 4003 λΙτ

404 4017 594 4085 poenitentiam
614 4025 770 4091 conciperet
788 4033 815 4078 et
826 4031 948 4077 servaret
966 4023 1007 4077 his
1020 4023 1147 4092 quosdam
1166 4024 1338 4090 direptorum,
1358 4039 1455 4093 neque
1473 4031 1520 4075 ta.

404 4103 475 4153 meu,
495 4088 565 4157 quod
584 4094 752 4145 exercuisset
768 4095 849 4147 talem
869 4095 999 4148 insaniam
1018 4102 1045 4146 et
1063 4095 1185 4146 damnum
1205 4110 1236 4146 se
1254 4109 1404 4160 revocans,
1424 4111 1522 4164 neque

403 4168 434 4214 ut
451 4160 582 4213 honoreus
600 4160 684 4216 ullum
702 4162 832 4235 militibus
853 4166 993 4219 redderet:
1021 4166 1069 4218 sed
1092 4166 1119 4218 hi
1140 4168 1246 4235 quidem
1265 4166 1297 4219 ad
1318 4180 1367 4217 sua
1385 4181 1523 4219 moerore

401 4246 456 4287 non
475 4247 559 4303 perro
577 4231 652 4303 pieni
670 4234 912 4290 reversiaolebant
929 4238 979 4293 sub
1000 4237 1094 4291 eodem
1111 4252 1231 4304 manue,
1250 4237 1298 4291 sod
1316 4236 1412 4291 hostes
1433 4253 1522 4291 acer.

401 4306 483 4359 rimus
503 4322 596 4360 arcere
615 4305 774 4361 sutuebant.
