3150 4986
508 327 766 405 'menonis
865 334 871 347 ‘
991 424 999 443 ,
1086 337 1211 413 ,τοι

106 516 170 571 νας
192 490 323 569 ίδόντας
345 490 405 569 τός
421 497 484 560 τῶν
502 494 671 575 Ῥωμαίων
694 494 861 584 φόλαγγας
884 497 918 562 ἐν
937 497 1023 577 τόξα
1043 497 1098 563 καί
1110 499 1217 589 κόσμηι

106 592 170 659 καί
186 596 344 683 πολεμική
367 596 604 682 παραστήματι.
648 599 703 663 καί
731 596 761 661 οῖ
791 600 851 680 μέν
878 596 1037 685 προήεσαν
1065 601 1111 677 είς
1138 605 1216 665 τοδ-

105 695 218 774 πίσοο,
248 688 265 754 ό
287 694 323 757 δέ
343 694 495 774 βασιλεός
521 696 656 763 κατόπιν
678 699 784 765 adres
807 698 1008 783 πανστρατιᾷ
1033 701 1211 780 ἐπεδίωκεν,

105 793 170 871 ἕως
201 787 266 879 ἄρα
299 797 386 881 δειλη
418 794 499 877 deta
527 799 712 881 κατέλαβεν.
766 778 837 865 ἐότί
865 795 933 861 δ’ὁ
963 799 1115 879 βασιλεὺς
1140 800 1215 879 τοὺς

80 898 402 979 ἐόντιτεταγμένοιιςγ
415 899 471 961 καί
487 899 775 979 α’ντιπολεμοόντας
798 892 857 963 ονίι
870 893 946 981 εἶχε,
965 897 1021 980 τήν
1035 900 1072 963 δὲ
1086 923 1214 981 παρεμ-

103 992 208 1081 βολήν
236 997 437 1083 ἐψιλωμένην
462 1002 668 1082 στρατιωτῶν
703 1000 758 1064 καί
786 1002 1017 1085 πεζοφνλόιιοτν
1045 1001 1215 1082 ἐγίνωσκε,

105 1094 165 1161 tad
194 1093 230 1160 τό
273 1098 352 1182 μηδ’
380 1099 529 1180 εόπορεῖν
557 1097 670 1165 ἱκανοῦ
700 1099 843 1185 πλήθους
874 1093 953 1165 οόοιε
974 1101 1031 1165 καί
1062 1102 1214 1183 stupesci-

104 1201 174 1275 ξεις
194 1199 336 1263 ἐνταῦθα
366 1204 549 1267 καταλιπεῖν
557 1248 573 1282 ,,
594 1191 655 1285 ἤδη
690 1205 1002 1285 προεξαντληθέντοον
1032 1204 1096 1266 scis
1124 1205 1213 1266 πλιί·
1248 1226 1252 1231 ·

104 1321 209 1378 στοον,
241 1296 285 1372 σός
307 1291 559 1383 προδιειληπὶαι,
585 1298 664 1385 ἔγνω
685 1299 729 1384 μή
755 1308 862 1366 πλεῖον
883 1302 1036 1365 ἐπιτεῖναι
1057 1300 1113 1385 τήν
1134 1304 1213 1367 tte-

64 1404 178 1480 ιοξιν,
200 1397 318 1482 ἵναμή
343 1397 436 1482 λόχον
468 1401 671 1487 πεποιηκότες
696 1403 726 1466 οἱ
751 1405 886 1486 Τσῦρκοι
911 1402 1087 1493 α’φολόκτιρ
1112 1400 1210 1492 ταότη

106 1496 301 1580 ἕπίθοτνται,
336 1500 392 1564 καί
426 1495 496 1581 ἅμα
532 1504 714 1567 διασκοπῶν
745 1497 790 1578 οός
820 1504 851 1567 εί
888 1509 995 1566 πλεῖον
1029 1507 1211 1587 ἐκμακρον·

104 1599 199 1681 θείη,
228 1598 448 1681 καταλήψεται
466 1603 574 1667 τοῦτον
595 1606 629 1669 ἐν
655 1604 692 1690 τῇ
718 1598 905 1692 insuetique}
930 1604 1003 1681 νόξ,
1035 1607 1090 1667 καί
1122 1629 1212 1688 τηνι-

106 1703 211 1763 καῦτα
239 1695 269 1762 οἱ
300 1701 437 1785 Τοόρκοι
473 1705 684 1786 παλίντροπον
717 1701 856 1788 θήσουσι
893 1701 950 1787 τήν
985 1704 1109 1790 φυγήν,
1138 1702 1213 1792 ἐκη-

104 1800 198 1881 βόλοι
223 1798 443 1884 τυγχάνοντες.
491 1803 546 1865 διόι
576 1806 679 1868 ταῦτα
712 1806 768 1868 καί
796 1801 853 1887 τήν
881 1802 1051 1888 βασιλικήν
1072 1811 1214 1889 σημαίαν

64 1904 305 1984 ιηέπιστρέιμας
335 1899 448 1966 νόστον
479 1903 714 1987 ἐπιμνησθῆναι
743 1900 933 1987 διήγγελλεν.
978 1902 1009 1969 οἱ
1036 1907 1072 1971 όέ
1103 1903 1213 1991 πόρρω

108 2000 170 2077 τὰς
201 2001 366 2085 φάλαγγας
385 2023 388 2031 “
406 1997 530 2084 ἔχοντες
571 2005 793 2087 στρατιῶται,
829 1998 886 2085 τήν
924 2001 1121 2090 ἐπιστροφήν
1157 2008 1213 2088 τῆς

105 2102 278 2183 βασιλικῆς
299 2105 439 2183 σημαίας
460 2102 593 2179 ἰδόντες,
616 2100 769 2193 ρέήθηοαν
791 2096 870 2189 ήττῃ
891 2101 1099 2184 τὸνβασιλέα
1121 2129 1212 2187 περι·

108 2209 229 2267 πεσεῖν.
274 2200 318 2277 ὥς
339 2202 366 2264 δ’
389 2200 553 2267 οέπολλοί
572 2205 841 2289 πληροφοροόοίν,
863 2195 911 2268 ότι
932 2207 996 2267 τῶν
1019 2201 1211 2288 ἐφεδρεοόν-

108 2326 174 2368 τοον
195 2301 284 2390 αότρῖ
304 2325 364 2382 τις,
384 2298 559 2388 ἐξάδελφος
578 2297 624 2368 ds
645 2307 688 2391 aqi
708 2305 766 2368 τοῦ
786 2307 942 2384 βασιλέως
969 2308 1111 2389 προγονρῑ
1138 2310 1213 2370 Μι-
1284 2316 1288 2333 ‘

62 2425 99 2482 pq
106 2402 206 2487 χοιήλ,
227 2405 540 2488 προβεβουλευμένην
555 2401 637 2485 έχων
653 2402 708 2487 τήν
729 2402 809 2468 κατὰ
825 2403 940 2469 τοότου
953 2401 1134 2490 ἐπιβουλήν,
1149 2406 1212 2469 αό-

110 2501 169 2579 τός
189 2503 246 2568 τόν
264 2506 406 2569 τοιοῦτον
428 2500 519 2586 λόγον
541 2512 605 2579 τοῖς
626 2500 836 2589 οτρατιοόταις
861 2505 1029 2588 διέσπειρε,
1051 2507 1106 2569 καί
1125 2505 1209 2588 ταχό

106 2601 184 2677 τοὺς
206 2605 339 2680 οέκτίοος
361 2600 534 2687 α’ναλαβόν
555 2604 800 2687 (ἐμπεπίστεοτο
821 2604 881 2691 γόρ
903 2601 992 2688 παρὰ
1015 2606 1139 2689 τήςτοό
1149 2610 1212 2689 βα-

107 2705 224 2779 σιλέως
245 2706 479 2789 καλοκαγαθιλις
509 2696 548 2768 usi
575 2703 691 2790 μικρόν
720 2731 751 2770 τι
777 2709 874 2792 μέρος
904 2708 1000 2792 λαοῦ)
1040 2707 1146 2793 φογόις
1167 2710 1212 2785 τίς

107 2984 223 3052 langas,
242 2998 307 3107 quas
325 2983 385 3035 acie
403 2982 532 3036 instructa
551 2990 578 3036 et
595 2983 739 3037 secundum
758 2985 865 3038 ordines
892 2992 919 3037 et
936 2985 1102 3055 disciplinam
1121 2986 1210 3041 colle.

111 3065 186 3110 estas
206 3063 233 3106 et
269 3053 353 3107 ellico
371 3069 429 3106 cum
449 3053 540 3107 babitu
559 3054 693 3107 videbant.
731 3063 811 3123 atque
829 3055 922 3108 hostes
940 3058 1046 3124 quidem
1064 3072 1143 3124 porro
1163 3075 1210 3110 re.

111 3128 286 3199 μαστίεται,
305 3141 353 3178 res
374 3140 440 3178 veru
461 3125 582 3178 omnibus
602 3141 660 3177 curu
682 3127 767 3192 copiis
789 3141 836 3177 eos
854 3133 962 3179 secutus
985 3135 1034 3189 est,
1054 3129 1139 3178 donec
1158 3143 1210 3180 ve·

111 3214 175 3269 spes
194 3197 308 3250 adesset.
348 3212 405 3248 cum
423 3205 512 3248 autem
529 3213 579 3250 rex
602 3196 653 3248 sibi
672 3197 809 3263 oppositus
830 3204 858 3247 et
876 3198 1034 3248 resistentes
1052 3212 1106 3249 uon
1125 3196 1236 3248 habe-2·
1308 3238 1317 3257 ,

110 3278 164 3333 ret,
185 3277 375 3321 carmentem
393 3268 491 3320 nudata
508 3267 637 3319 militibus
657 3266 844 3335 peditibusque
862 3265 1036 3335 vigilantibus
1058 3281 1210 3335 cognosce.

111 3350 168 3395 ret:
195 3343 256 3409 quia
276 3356 332 3393 nun
351 3340 415 3391 satis
433 3352 523 3392 seeum
543 3337 635 3390 babuit
653 3339 807 3406 copiarum,
832 3339 869 3390 ita
891 3345 921 3389 ut
946 3338 1025 3389 etiam
1045 3339 1151 3391 ordines
1171 3338 1210 3391 ibi

110 3412 281 3481 relinqueret
298 3411 451 3479 defatigatis
470 3412 520 3462 iam
540 3419 659 3477 utsupra
678 3409 774 3461 dictum
789 3409 934 3479 plerisque,
954 3411 1046 3462 statuit
1063 3424 1117 3461 uun
1135 3409 1209 3461 ulte.
1249 3440 1251 3447 ·

110 3487 167 3537 rius
191 3499 237 3536 eus
256 3485 393 3552 persequi,
411 3497 446 3533 ne
464 3482 564 3534 Tuscus
582 3478 687 3534 insidiis
715 3481 793 3535 iactis
818 3490 904 3535 castra
922 3497 938 3532 a
956 3481 1097 3548 praesidiis
1115 3480 1210 3532 relicta

111 3556 333 3627 aggrederentur,
352 3552 484 3622 simulque
505 3555 645 3621 cogitans,
664 3560 769 3606 noctem
794 3569 824 3606 se
841 3555 996 3607 redeuntem
1022 3558 1209 3620 occupaturum

110 3644 192 3692 csse,
219 3627 242 3678 si
272 3625 385 3678 ulterius
407 3626 477 3678 siam
497 3625 654 3678 estenderet
684 3633 711 3677 et
728 3624 825 3677 Tuscae
851 3624 947 3691 eiuqa
965 3639 1136 3691 regressurus
1155 3631 1209 3675 tum

109 3715 188 3765 esse,
218 3699 318 3766 quippe
344 3698 388 3768 qui
410 3695 473 3748 telis
497 3695 567 3746 bene
597 3705 744 3749 uterentur.
791 3695 960 3764 quamobrem
979 3695 1083 3764 regium
1104 3696 1209 3764 signum

107 3778 252 3824 reuertens
276 3768 385 3838 reditus·
408 3768 561 3820 meminisse
592 3782 684 3820 omues
709 3767 793 3831 iussit.
844 3768 889 3836 qui
924 3781 989 3819 veru
1013 3766 1127 3818 ulterius
1151 3768 1211 3819 acie

106 3843 222 3895 aberant
245 3838 364 3902 milites,
388 3839 493 3906 regium
516 3841 621 3906 siguum
646 3847 719 3891 retro
747 3852 854 3890 versum
883 3838 1024 3903 uidentes,
1050 3839 1078 3889 in
1107 3837 1211 3891 cladem

106 3928 203 3983 regem
223 3911 350 3962 incidisse
371 3918 512 3978 putarunt:
537 3918 567 3961 ut
585 3917 671 3961 autem
691 3909 814 3977 plerique
842 3924 996 3976 persuasum
1015 3909 1123 3975 babent,
1141 3911 1211 3962 insi.

106 3985 239 4038 diantiusu
258 3983 284 4033 ei
300 3980 408 4048 aliquis,
427 3980 566 4035 blicbaelis
585 3982 658 4047 regis
670 3981 789 4047 parentis
808 3996 841 4031 ex
863 3980 944 4032 iratrc
962 3981 1044 4047 lilius,
1063 3991 1142 4035 antea
1160 3982 1211 4032 iam

104 4055 220 4109 melitus
240 4052 303 4104 buic
322 4052 441 4116 insidias,
461 4053 519 4120 ipse
540 4049 620 4103 talem
640 4051 733 4103 lamam
749 4066 797 4118 per
816 4051 915 4103 milites
934 4052 1095 4120 divulgavit,
1115 4060 1143 4103 et
1163 4066 1211 4103 ce-

105 4128 204 4180 leriter
224 4125 281 4177 suis
299 4124 417 4190 receptis
437 4123 553 4192 (credita
573 4123 643 4173 enim
663 4130 720 4174 erut
748 4123 773 4173 ei
793 4121 862 4175 haud
883 4140 966 4191 passa
985 4125 1098 4176 militum
1116 4135 1211 4190 parea

103 4200 182 4269 regis
201 4197 357 4264 maiestate)
378 4194 507 4273 fugitivus
527 4195 554 4245 in
574 4202 659 4244 eastra
670 4192 764 4246 rediit:
783 4193 853 4246 bunc
867 4203 954 4247 autem
967 4196 1061 4247 imitati
1082 4194 1125 4262 qui
1144 4204 1211 4258 pre-

103 4273 168 4339 pius
187 4267 325 4321 adstarent
343 4266 450 4318 ordines
476 4265 509 4319 ad
526 4279 606 4318 unum
632 4277 723 4318 omncs
741 4264 830 4334 iugum
855 4268 915 4319 sine
934 4281 1024 4345 pugna
1042 4262 1211 4330 accipiebant

188 4362 276 4419 utet.
295 4360 378 4415 Aust.
398 4362 466 4414 lit'st.
984 4361 1015 4412 11
