3150 4986
345 339 420 421 214
636 335 857 413 moninus
888 334 1150 409 unitionis

344 514 523 598 ἐπιφοράς,
547 506 603 571 καί
622 507 769 588 πολέμων
800 500 1007 585 πανταχόθεν
1037 502 1336 584 ύνορριτιζομίναν
1366 522 1455 587 σφο-

333 614 451 699 Χδρούς,
473 609 642 691 εύδαρσάς
669 610 723 671 καί
748 608 898 689 γενναίως
921 602 1112 669 ἀνθίσταται
1132 601 1257 679 τούτοις
1277 600 1379 678 αύτὸς
1398 598 1456 666 καί

345 713 572 788 α’νδοπλίζεται
601 712 778 793 κραταιιὸς,
815 706 877 788 ούχ
903 697 1012 779 ὅπλοις
1049 703 1105 767 καί
1135 700 1253 786 πλάθει
1273 698 1454 788 ζθιιρρηοας

345 803 667 898 σερατιωιύνίῆσον
695 807 756 893 γάρ
786 808 1112 893 προκατειργασμένα
1141 801 1253 881 πάντες
1275 800 1331 867 καί
1352 828 1455 870 κατιι-

344 914 532 1000 βεβλημένα
563 920 634 985 ταῖς
658 914 825 992 συνεχέσιν
859 909 1048 990 ἐπιδρομαῖς
1075 902 1131 970 καί
1149 914 1292 991 σφαγαῖς
1319 908 1376 970 καί
1393 898 1482 988 lis-5
1563 876 1574 989 ί

344 1038 439 1098 ταις,
469 1015 503 1079 ot
528 1014 563 1077 δὲ
597 1013 653 1077 καί
675 1011 812 1084 δεδιότες
844 1004 892 1073 ἔτι
913 1006 969 1072 καί
994 1007 1097 1096 τούτῳ
1126 1002 1171 1090 μὴ
1194 1002 1453 1091 συνερχόμενα),

346 1112 428 1179 diti
449 1117 492 1202 τῷ
511 1108 590 1201 θείην
612 1114 718 1176 σδίνει
737 1113 845 1175 πάσαν
875 1109 1006 1185 άναθείς
1025 1105 1091 1192 τὴν.
1110 1108 1236 1191 ίλπίδα,
1258 1108 1315 1171 καί
1333 1108 1377 1194 spi
1398 1108 1454 1171 δι-

286 1246 293 1265 κ
345 1212 425 1300 καίιρ
448 1213 530 1302 ζηληι
551 1214 607 1296 τὴν
628 1210 736 1289 δεξιάν
755 1208 899 1299 δολίως,
922 1207 999 1274 κατά
1017 1211 1127 1276 πασῶν
1142 1197 1213 1284 ’ταῖν
1227 1209 1454 1289 ἀποκειμένων

346 1311 512 1395 δυνάμεων
542 1310 798 1397 παρρησιάζεται
828 1307 887 1394 την
917 1306 1072 1394 ἀληθειαν
1101 1313 1156 1375 καί
1176 1315 1245 1375 κατ’
1267 1309 1370 1373 ου’τοῦ
1391 1311 1454 1374 τού

209 1417 550 1502 λλλδταρατούντος,
582 1414 645 1495 ούχ
668 1410 719 1489 ‚nic
745 1412 919 1494 βασιλικάς
939 1412 1160 1494 διομνυμένου
1193 1407 1268 1493 περὶ
1286 1406 1326 1473 τά
1346 1400 1507 1492 πράγ-ιθ
1565 1436 1573 1477 ι

345 1541 445 1601 ματα,
466 1517 535 1581 ἀλλ’
557 1512 600 1591 ιύς
620 1514 813 1598 τυραννικῶς
827 1510 882 1576 καί
895 1506 1047 1592 ἀθέσμους
1064 1513 1121 1576 καί
1134 1506 1339 1596 ,ύπρονοὴτιος
1362 1533 1455 1592 χρω-

344 1622 443 1701 μένου
465 1618 503 1703 τῇ
525 1614 679 1698 διοικήσει
699 1616 761 1678 τάν
782 1608 876 1694 ὅλων,
895 1617 952 1677 καί
972 1614 1018 1688 είς
1035 1611 1133 1677 κακὸν
1155 1609 1324 1696 βάραθρον
1344 1634 1457 1676 surse·
1562 1694 1570 1727 Ι

346 1720 482 1805 θούυτος
502 1712 577 1789 τούς
599 1712 760 1790 Αύσόνας.
805 1712 876 1778 ε’πιί
896 1712 958 1797 γάρ
981 1708 1116 1799 γράφων
1136 1711 1171 1778 τὸ
1195 1714 1266 1777 δίον
1288 1706 1454 1789 πολλάκις,
1568 1744 1569 1749 ¹

346 1818 403 1881 καί
422 1812 653 1898 συμβουλεύων
675 1813 719 1901 τῷ
733 1818 865 1896 βασιλεῖ
878 1819 1071 1897 μεταβαλεῖν
1084 1812 1163 1897 πρὸς
1184 1810 1219 1877 τὸ
1240 1814 1374 1896 βέλτιον,
1396 1813 1457 1876 κατ’

347 1913 549 2003 δικαιοσύνης
571 1909 677 1989 ὅπλοις
698 1917 753 1979 καί
776 1923 1016 2001 στρατιωτικοῖς
1037 1911 1252 1999 μηχανήμασι
1274 1914 1329 1978 καί
1349 1914 1511 1997 dupli-15
1560 1956 1565 1965 ·

347 2041 411 2083 serv
442 2014 646 2103 προβλήμασι
674 2020 974 2101 καταστρατηγῆσαι
1001 2019 1064 2082 ταῐι
1091 2017 1260 2095 ἐναντίων,
1288 2016 1329 2078 ού
1352 2008 1458 2096 μάνου

347 2116 405 2183 ούκ
428 2110 494 2201 εἶχε
514 2117 626 2183 τοῦτον
647 2119 827 2200 καταπειδῆ
847 2121 903 2182 καί
925 2114 1088 2209 δμάδοξον,
1111 2114 1190 2183 diti
1215 2117 1271 2182 καί
1288 2116 1459 2197 δυσμενῶς

347 2217 427 2305 πρὸς
451 2215 550 2283 ούτόν
572 2217 770 2298 διακείμενον
789 2220 844 2283 καί
860 2222 1019 2298 μισοῦντα
1044 2221 1154 2284 τοῦτον
1175 2215 1230 2283 διά
1251 2212 1309 2300 την
1330 2215 1463 2300 εύσχη-

346 2341 430 2402 μονα
452 2318 651 2402 συμβουλήν,
666 2316 764 2393 αύτδς
779 2315 853 2394 τούς
874 2321 1079 2399 τηλικούτους
1093 2319 1217 2401 α’γύνας
1237 2319 1291 2382 καί
1308 2312 1348 2381 τά
1370 2312 1459 2381 κατά
1553 2350 1564 2467 ρ

349 2424 413 2486 τῶν
435 2412 624 2505 ἀλλοφύλων
650 2418 859 2499 παλαίσματα
885 2418 941 2483 καί
961 2416 1018 2504 την
1053 2420 1134 2503 ύπδρ
1157 2422 1221 2483 τοῖν
1239 2419 1513 2501 Χριστιατιάνφρ

350 2522 507 2608 φροντίδα
528 2521 626 2603 μόνος
647 2515 825 2604 ύπέρχετιιί
840 2543 874 2586 τε
896 2525 951 2587 καί
970 2520 1157 2602 άναδύεται,
1179 2518 1234 2585 καί
1254 2523 1352 2601 μύσαν
1369 2522 1458 2584 θεοῦ

349 2619 405 2685 καί
425 2620 605 2708 ἀνθρώπων
634 2619 692 2706 την
714 2617 840 2706 ύγαδην
860 2626 1046 2706 προαίρεσιν
1067 2625 1122 2687 καί
1148 2620 1206 2687 τύν
1224 2618 1459 2707 ίμφωλεύοντι

350 2720 451 2809 τούτῳ
479 2719 594 2786 σκοπὸν
625 2724 742 2807 εύσιβῆ
764 2722 1020 2809 προβαλλόμενος
1051 2716 1189 2809 άρχοται
1214 2723 1271 2788 τού
1293 2722 1356 2787 τῶν
1370 2717 1462 2787 Ῥω-

350 2973 486 3026 etismtrun
512 2972 641 3045 ilspmnte
671 2964 771 3044 impetn
797 2983 825 3028 et
851 2976 972 3030 hostibus
1004 2976 1181 3047 nndeennqne
1212 2974 1290 3029 relde
1320 2976 1460 3043 exeitstis,

351 3045 458 3100 lertiter
488 3053 515 3097 et
537 3056 671 3115 generose
697 3047 798 3101 resistit
821 3047 863 3101 hls
881 3048 955 3116 ipse,
980 3055 1006 3101 et
1033 3055 1118 3101 srmst
1141 3063 1174 3101 se
1191 3054 1316 3117 potenter
1333 3062 1389 3101 nen
1408 3063 1464 3101 ιτ.

348 3118 399 3171 mis
418 3126 445 3169 et
461 3117 630 3172 multitudine
655 3120 739 3173 fretus
764 3117 878 3172 rnilitum
902 3124 994 3189 (erunt
1021 3120 1091 3172 enim
1115 3127 1194 3173 entes
1218 3119 1337 3172 conlecti
1361 3135 1463 3173 enses

350 3199 379 3242 et
396 3189 495 3242 deiecti
522 3191 655 3243 continuis
686 3191 883 3244 incursionibus
913 3199 940 3243 et
967 3190 1092 3245 eredibus
1118 3199 1144 3243 et
1168 3190 1308 3244 eludibus:
1334 3189 1384 3243 siii
1404 3207 1463 3244 en.

348 3270 403 3315 tem
430 3263 563 3313 etismtum
594 3264 621 3313 ln
651 3263 746 3314 timere
778 3269 853 3315 erent
883 3279 972 3332 neque
1004 3278 1063 3313 enm
1093 3262 1145 3315 hoc
1176 3278 1206 3314 se
1238 3262 1461 3333 coniungebsnt)

350 3332 398 3386 sed
417 3332 450 3383 nd
468 3333 585 3385 divinum
604 3333 750 3401 petentium
770 3335 892 3386 reserens
914 3350 1023 3386 omnem
1048 3348 1121 3401 spem
1144 3342 1170 3386 et
1194 3335 1264 3386 iuste
1284 3336 1371 3386 stndie
1390 3334 1462 3388 etei

350 3404 468 3456 dextrum
495 3420 599 3456 armans
625 3413 718 3456 contrn
748 3420 840 3457 omnes
867 3407 1003 3474 oppositus
1031 3406 1103 3458 uires
1122 3405 1209 3458 libere
1227 3405 1293 3459 dicit
1311 3407 1463 3458 ueritsteu

351 3475 429 3527 etium
450 3483 542 3531 contre
562 3477 647 3543 ipsum
663 3476 860 3543 imperatorem,
880 3478 979 3546 quippe
998 3478 1043 3546 qui
1061 3492 1116 3528 nen
1132 3478 1205 3546 repis
1224 3479 1308 3530 isstsr
1326 3479 1354 3529 in
1372 3475 1462 3529 rebus

349 3555 472 3600 versutus
492 3555 564 3600 esset
583 3548 629 3599 sed
649 3549 754 3615 tyranni
772 3563 847 3603 more
861 3556 888 3599 et
905 3549 1004 3601 iniuste
1023 3556 1050 3599 et
1068 3549 1250 3615 imprudenter
1264 3556 1386 3601 uteretur
1404 3548 1462 3600 sd.

348 3619 545 3672 ministratione
564 3620 646 3671 tetius
666 3620 783 3672 civitatis
802 3628 829 3670 et
853 3621 881 3672 in
899 3618 994 3671 mulum
1023 3621 1180 3689 veraginem
1200 3618 1379 3687 cumpelleret
1395 3621 1462 3672 An.

349 3703 439 3741 sones.
478 3708 535 3743 eum
555 3692 625 3743 enim
653 3692 772 3744 scribens
798 3692 978 3743 necessarium
1001 3707 1081 3765 saepe
1108 3700 1136 3743 et
1152 3691 1266 3744 suadens
1284 3691 1356 3760 regi,
1373 3698 1403 3742 ut
1419 3692 1461 3742 nd

349 3758 448 3811 melius
468 3777 498 3813 se
520 3771 653 3827 verteret,
675 3771 702 3815 et
720 3764 837 3814 iustitiae
857 3763 936 3815 ermis
956 3770 984 3814 et
1009 3762 1168 3815 militaribus
1194 3762 1297 3814 srtibus
1310 3762 1344 3815 'et
1360 3762 1462 3814 lusis.

350 3843 407 3879 rum
426 3833 559 3894 praesidio
586 3834 735 3886 debellaret
760 3835 939 3897 sdversarius,
964 3848 1018 3884 nen
1044 3833 1131 3885 selum
1161 3848 1216 3886 nen
1241 3833 1355 3886 heberet
1381 3832 1463 3885 bunc

351 3896 519 3953 obedientem
540 3913 567 3954 et
584 3906 654 3957 idem
674 3909 844 3971 sentientem,
863 3907 910 3958 sed
930 3907 1009 3956 etium
1032 3906 1140 3957 inimice
1161 3906 1290 3958 sdversns
1308 3922 1339 3958 se
1358 3906 1462 3971 dispe.

348 3970 427 4023 situm
448 3979 475 4020 et
494 3974 554 4024 odie
574 3974 713 4029 bibentem
733 3978 802 4029 lrnne
821 3976 1037 4045 propterbennm
1054 3975 1211 4040 consilinm,
1230 3979 1289 4045 ipse
1308 3976 1372 4029 tulis
1390 3992 1463 4028 rer.

348 4041 494 4093 inmineret
514 4043 674 4099 irretetienes
694 4059 787 4101 contre
805 4058 899 4118 gentes
924 4046 993 4099 nlius
1011 4050 1102 4115 stirpis
1128 4056 1156 4100 et
1174 4065 1263 4101 cursen
1283 4048 1464 4104 Christiano.

348 4128 406 4168 rum
425 4110 500 4165 selus
519 4122 650 4167 sustentet
667 4127 694 4170 et
711 4119 798 4184 subit,
825 4129 958 4172 eteorum
983 4118 1033 4170 dee
1053 4128 1081 4171 st
1098 4119 1250 4172 hominibus
1268 4119 1367 4174 benum
1386 4134 1466 4188 pro-

349 4184 467 4254 positum
485 4192 512 4237 et
532 4184 657 4239 lutentem
676 4188 704 4239 in
723 4188 775 4241 bec
793 4193 871 4244 ltnem
891 4193 962 4260 pium
981 4191 1159 4258 praetendens
1177 4192 1274 4258 incipit
1301 4193 1466 4260 principetur

350 4257 512 4313 Graecemm
538 4256 682 4329 tranquille
707 4262 795 4315 inimo
813 4263 916 4330 potiri,
942 4275 1086 4318 removens
1109 4262 1183 4331 repis
1207 4262 1366 4330 preiundrrs
1386 4262 1467 4316 buc
