3182 4986
303 308 310 315 “
347 321 396 393 so
533 420 541 431 .
640 312 859 385 nicanoris
890 308 1151 382 summme

345 491 469 571 γίσταις
493 478 692 565 ἐπαγγελίαις
716 477 773 545 τόν
793 473 933 562 ἄρχοντα
953 475 1073 561 ταύτης
1095 469 1372 557 καταστησάμενος
1393 464 1453 536 εό-

346 593 445 665 ελιιιν,
467 584 632 650 συνέπεισε
655 582 856 662 μεταθέσθαι
877 575 956 661 πρός
982 575 1023 644 τά
1048 575 1185 661 ἡμέτερα
1207 575 1262 637 καί
1283 569 1340 655 τὴν
1360 570 1453 636 πόλιν
1559 642 1560 647 1

347 689 466 750 θέσθαι
483 682 664 763 Ῥωμαίοις.
723 682 777 744 καί
807 674 905 760 ipss
923 680 968 760 prs)
993 675 1206 761 διαψευσθεὶς
1236 671 1294 748 τάς
1319 673 1453 747 ἐλπίδας
1559 676 1560 769 3

346 787 380 851 όν
403 784 592 858 εόπιιθείαις
614 781 670 846 καί
690 780 844 865 άβρότησι
859 778 914 844 καί
927 778 1106 844 ἀντιδόσεσι
1120 771 1260 857 κτήσεων
1279 772 1335 838 καί
1351 766 1452 850 άξιω·
1559 774 1560 821 i

345 887 454 968 μάτων
482 885 638 966 μεγίστων
672 877 727 946 τόν
757 881 826 961 βίον
851 873 952 946 εἷλκεν
984 875 1175 962 ἐπέραστον·
1233 869 1250 956 ἢ
1284 875 1320 939 ts
1348 873 1474 953 πόλις,5

344 981 457 1069 χάραν
476 1005 511 1047 τε
545 979 662 1063 πολλὴν
696 976 815 1062 ἔχουσα
844 982 900 1042 καί
927 979 1076 1058 πολίχνια
1097 971 1151 1038 ὑπ’
1174 967 1295 1055 αότήν,
1318 973 1452 1056 δουκικῇ

235 1138 241 1143 .
346 1081 567 1166 κατεκοσμήθη
588 1077 691 1168 άρχῇ,
721 1077 802 1163 πρός
825 1087 890 1153 τοῖς
911 1081 1080 1160 Συριακοῖς
1112 1066 1171 1139 τοό
1197 1076 1307 1155 Τιβίου
1325 1075 1451 1136 όιακει-
1559 1088 1560 1171 ρ

345 1187 424 1268 μόνη
449 1180 569 1267 ὁρίοις,
601 1185 657 1245 κατ’
677 1173 716 1264 ἤν
744 1179 821 1263 ἡμῖν
840 1177 1023 1263 χαράκωμα
1042 1180 1189 1259 μέγιστον
1209 1172 1266 1238 καί
1284 1170 1450 1254 α’ποτροπὴ
1559 1240 1560 1251 2

346 1288 410 1349 τιόν
430 1284 552 1348 ἐκεῖθεν
582 1278 759 1363 εἰσβάλλειν
782 1277 967 1360 ,μελλόντων
993 1279 1165 1360 βαρβάρων
1187 1276 1233 1349 εἰς
1251 1271 1309 1358 τὴν
1332 1274 1452 1356 Ἰβηρι-

347 1386 414 1468 ιιὴν.
456 1380 492 1448 τό
515 1385 550 1448 δὲ
572 1378 731 1469 φειδωλόν
754 1383 813 1444 τοῦ
835 1384 1027 1463 κρατοῦντος
1058 1373 1247 1462 καίταότιγς
1273 1371 1347 1450 τοός
1367 1369 1492 1438 ‘Po-ro

346 1490 461 1568 μαίους
483 1480 665 1566 όστέρνγσεν·
710 1482 781 1545 ἐπεί
799 1480 861 1564 γάρ
889 1481 1069 1563 σιτηρέσιον
1092 1480 1148 1542 καί
1177 1473 1193 1538 ό
1217 1479 1251 1541 ἐν
1268 1475 1367 1564 ταύτῃ
1387 1499 1454 1541 σα·

238 1618 243 1623 ·
347 1586 470 1669 τρόπης
487 1582 657 1664 ἐλάμβανε,
676 1581 862 1666 προσελθων
883 1604 932 1654 τις
952 1580 1118 1664 Ἀρμένιος
1136 1576 1344 1661 Παγκράτιος
1364 1572 1453 1644 otro
1559 1614 1560 1629 ι

348 1680 540 1761 καλεόμενος
567 1682 609 1767 τῷ
635 1686 780 1762 βασιλεῖ,
816 1684 1002 1746 συντίθεται
1034 1679 1135 1766 τούτῳ
1164 1678 1221 1742 καί
1248 1677 1453 1761 ὑπισχνεῖται

348 1785 449 1868 χωρίς
479 1804 561 1857 τινος
596 1778 789 1877 α’πολήψεως
822 1779 1050 1864 τῆν’τοιαότην
1078 1773 1186 1863 άρχὴυ
1212 1782 1377 1860 μετελθεῖν
1397 1777 1456 1842 καί
1559 1830 1560 1833 ¹

349 1881 534 1967 κρειττόνως
557 1885 756 1967 συντηρῆσσι
778 1879 813 1947 τό
839 1872 930 1962 άστυ,
960 1882 1015 1944 καί
1034 1875 1094 1965 όση
1115 1878 1215 1968 τοότρ
1238 1880 1455 1963 παραπέφυκε
1464 1894 1494 1946 15

350 1982 528 2065 οόγκεησις.
572 1982 628 2046 καί
648 1981 804 2063 λαμβάνει
825 1977 880 2046 τόν
902 1982 1039 2061 βασιλέα
1070 1982 1108 2073 τῇ
1129 1979 1299 2059 ὑποσχέσει
1320 2000 1455 2042 συνεπι·
1559 1994 1560 2069 ρ

350 2078 502 2161 νεόαντα,
533 2083 588 2146 καί
609 2078 954 2160 δοόξιίποδειίινυται,
986 2081 1041 2145 καί
1065 2073 1301 2160 καταλαμβάνει
1331 2075 1390 2162 τὴν
1420 2081 1456 2142 ε’ν
1559 2076 1560 2085 ’

353 2179 475 2256 τούτοις
493 2180 671 2266 ἡγεμονίαν.
726 2182 862 2260 α’ναξίως
893 2183 929 2244 δὲ
958 2180 996 2245 τά
1032 2176 1199 2263 πράγματα
1230 2181 1374 2259 διοικῶν,
1400 2178 1458 2242 καί

349 2283 431 2367 μήτε
453 2282 493 2368 τῇ
519 2280 688 2365 α’κρσπόλεε
709 2289 798 2347 σῖτον
827 2279 873 2358 ὥς
903 2279 938 2346 τό
975 2280 1058 2357 εἰκός
1092 2275 1356 2363 προμηθεόμενος
1376 2276 1459 2361 μήτι

351 2375 428 2447 άλλα
450 2406 480 2447 τι
512 2376 535 2468 ἢ
550 2379 727 2462 ’πολεμικόν
760 2378 964 2465 ἧπολιτικόν
987 2382 1095 2464 σ’ρθιάς
1120 2381 1175 2444 καί
1193 2378 1331 2461 βεβαίως
1352 2379 1500 2458 ἔμπα-ορ
1537 2416 1542 2423 ·

351 2479 542 2565 ρευόμενος,
573 2484 619 2559 εἰς
647 2483 806 2567 μεγάλους
834 2481 1001 2558 κινδόνους
1030 2479 1086 2565 τὴν
1104 2480 1292 2561 θαυμασίαν
1320 2484 1459 2564 παρενδ-

350 2587 430 2663 βαλε
466 2582 569 2649 πόλιν.
621 2582 809 2668 παροδεόων
843 2581 905 2667 γάρ
941 2577 957 2645 ό
1001 2578 1170 2654 σουλτάνας
1212 2582 1334 2645 ἐκεῖθεν
1373 2604 1460 2646 παν-

353 2684 487 2770 στρατιᾷ
516 2686 624 2768 (τοῦτο
654 2681 717 2768 γάρ
752 2674 789 2768 ἦν
823 2676 922 2765 ’όνομα
952 2685 997 2770 τῷ
1021 2680 1141 2748 τοότων
1170 2679 1353 2768 ἐξάρχουσι)
1379 2683 1460 2765 παρ’

299 3002 302 3007 ’
354 2983 474 3038 maximis
493 2984 631 3053 promissis
656 2985 749 3039 ducem
778 2986 856 3040 huius
881 2988 994 3040 roddens
1016 3002 1065 3055 spo
1089 2987 1187 3038 elatum
1215 2984 1347 3053 persuasit
1370 2986 1397 3037 ei
1426 2993 1459 3038 nt

355 3057 482 3110 transiret
498 3056 531 3108 ad
549 3065 655 3109 nostros
674 3066 701 3110 et
720 3057 811 3109 urbem
830 3059 939 3111 Graecis
952 3059 1087 3123 traderet,
1112 3067 1193 3126 atque
1212 3056 1256 3107 hie
1275 3056 1380 3125 quidem
1400 3072 1458 3108 non

354 3127 498 3181 fallebatur
516 3129 758 3195 exspectationibus
778 3131 847 3180 etin
868 3129 971 3182 luxoria
989 3138 1016 3180 ot
1028 3128 1142 3180 mollitio
1159 3137 1186 3180 et
1204 3129 1279 3180 donis
1300 3130 1459 3194 possessio.

340 3214 415 3252 num
435 3209 461 3251 et
481 3200 637 3269 dignitatum
656 3201 826 3252 maximarum
854 3202 934 3253 vitam
960 3200 1114 3252 traducebat
1132 3198 1281 3259 amabilem.
1320 3198 1382 3250 orbs
1403 3215 1458 3251 au.

354 3280 407 3322 tem
426 3280 520 3322 terram
540 3270 646 3323 multam
666 3271 766 3323 habens
782 3280 808 3321 et
830 3273 926 3339 oppida
948 3271 997 3323 snb
1017 3287 1049 3323 ea
1067 3270 1155 3323 ducali
1176 3271 1304 3321 instructa
1321 3278 1384 3321 sunt
1403 3272 1459 3321 im.

354 3343 431 3408 perio
450 3342 483 3394 εδ
500 3342 624 3409 Syriacos
644 3342 710 3394 Tibii
736 3343 880 3394 constituta
904 3344 980 3395 [ines.
1024 3351 1105 3464 αιριιο
1131 3349 1187 3393 erat
1210 3340 1288 3392 nobis
1313 3340 1460 3393 castelium

354 3412 503 3476 maximnm,
526 3422 552 3464 et
570 3414 692 3465 defensio
710 3421 802 3464 contra
820 3413 923 3479 ingredi
945 3414 1005 3465 inde
1023 3428 1058 3465 vo
1072 3421 1147 3464 entes
1166 3411 1291 3463 barbaros
1310 3413 1338 3462 in
1350 3411 1459 3465 Iberos.

355 3485 515 3551 parsimonia
537 3492 624 3535 autem
643 3485 809 3551 imperatoris
836 3485 914 3535 otiam
939 3484 988 3536 hac
1007 3484 1123 3537 Graecos
1144 3484 1269 3551 privavit.
1307 3499 1366 3534 cum
1385 3486 1460 3535 enirn
1559 3522 1560 3533 ,

355 3563 528 3607 commeatum
556 3557 635 3607 etiam
660 3554 738 3607 huius
763 3563 868 3622 satrapa
890 3556 1043 3621 acciperat,
1067 3556 1158 3607 adiens
1183 3553 1288 3622 quidem
1313 3554 1460 3606 Armenius

355 3624 508 3679 Pancratius
526 3627 565 3678 sie
583 3635 694 3680 vocatus
713 3642 804 3694 regem
828 3628 971 3692 paciscitur
985 3640 1044 3677 enm
1057 3626 1108 3678 hoe
1125 3633 1151 3676 et
1171 3625 1378 3692 promittit'sine
1397 3624 1459 3676 nilo

356 3696 542 3762 impedimento
563 3697 616 3749 tais
639 3698 777 3765 imperinm
806 3698 934 3749 aditurum
957 3713 988 3749 so
1008 3705 1035 3748 et
1056 3696 1152 3748 melius
1177 3703 1343 3748 servaturum
1363 3696 1459 3748 urbem

357 3772 384 3814 et
402 3774 499 3832 quanta
519 3769 544 3817 ei
574 3778 646 3821 esset
674 3769 819 3820 communis
841 3770 976 3835 possessio
1002 3775 1029 3818 et
1052 3769 1122 3835 capit
1144 3781 1236 3835 regem
1254 3768 1386 3834 promisso
1406 3768 1459 3818 ιδ.

354 3844 490 3899 nitentem,
512 3843 540 3886 et
557 3838 610 3890 dux
630 3841 781 3892 declaratur
803 3847 829 3890 et
848 3847 961 3905 occupat
988 3840 1015 3889 in
1035 3838 1077 3890 his
1097 3840 1251 3904 imperinm,
1274 3838 1384 3905 indigne
1402 3853 1459 3888 au.

355 3912 408 3955 tem
428 3922 471 3957 res
491 3922 584 3959 curans
603 3925 691 3978 neque
719 3914 774 3962 arei
805 3910 963 3961 frumentum
988 3917 1017 3960 ut
1043 3924 1090 3976 par
1117 3916 1174 3959 erat
1192 3924 1346 3976 comparans
1364 3925 1461 3977 noque

356 3974 429 4028 aliud
449 3977 511 4044 quid
531 3975 657 4029 bellicum
676 3990 721 4030 ant
740 3980 821 4034 cisiis
840 3989 913 4032 reeta
934 3988 961 4031 et
981 3981 1085 4032 sortiter
1103 3995 1196 4047 agens,
1215 3980 1242 4031 in
1263 3995 1358 4048 magna
1377 3982 1461 4046 peri.

356 4046 416 4098 cuia
437 4045 618 4098 admirabilem
636 4049 735 4105 deiecit
760 4052 861 4103 urbem.
906 4052 1125 4119 praeterveniens
1152 4053 1222 4102 enim
1246 4050 1366 4102 soltanus
1392 4052 1463 4103 inde

354 4126 412 4173 toto
432 4117 552 4169 exercitu
571 4118 637 4185 (hoc
663 4121 731 4170 enim
758 4130 814 4172 erat
836 4138 933 4174 nomen
958 4123 1050 4173 horum
1072 4123 1201 4192 principi)
1221 4120 1254 4173 ab
1274 4131 1353 4173 eost
1373 4138 1464 4189 prae.

355 4199 430 4249 tores
449 4189 530 4243 misso
550 4190 625 4258 τορίο
645 4204 724 4242 servo
743 4190 817 4243 nnita
836 4196 997 4247 necessitate
1017 4202 1109 4246 contra
1126 4192 1207 4245 talem
1228 4193 1321 4245 urbem
1339 4193 1373 4245 ιδ
1392 4193 1465 4247 bel.
