3168 4988
545 292 752 377 maroam.
1119 289 1192 362 263

76 450 113 516 tl
136 450 220 529 τοός
251 449 436 538 ὁμοφύλους
456 450 725 537 ε’πιγαυροόμενος
745 454 906 539 οἶκρατοός,
939 456 994 523 καί
1014 462 1191 538 πολυειδεῖς

78 552 279 636 α’παιτήσεις
310 552 365 617 καί
394 556 549 636 τιμωρίας
582 550 822 635 καταοκεδόζων
848 558 975 638 αότών,
997 563 1052 624 καί
1072 562 1192 641 μᾶλλον
1253 540 1258 549 ¹

75 652 155 729 τούς
181 658 293 773 ξένους
324 657 451 734 ξεσμοῖς
474 652 682 737 inundates,
703 657 741 751 ἵν’
764 658 798 720 εἰι
820 660 884 722 τών
906 657 1063 739 σωμότων
1088 661 1193 726 αότών

79 754 146 837 οτίχ
173 751 322 834 αἱμάτων
346 754 428 818 dite
447 752 620 840 χρημάτων
647 755 840 846 α’νερευνήση
860 762 971 843 πηγός.

52 863 68 914 5
182 848 276 920 ‘Odi
290 856 501 940 Βοτανειότης
522 858 586 940 οδχ
610 850 720 938 οότως,
744 853 825 922 ἄλλό
849 857 925 935 τοός
946 861 992 935 είς
1014 858 1113 924 αιίτόν
1126 865 1175 927 εἰσ
1157 887 1195 927 σ-

78 960 222 1040 ρίοντας
243 950 390 1033 ξένους
369 984 387 1043 η
409 950 545 1022 allodia
564 961 663 1021 ποθεν
678 959 767 1046 edre]
787 965 1066 1044 παρεμπίπτοντας
1080 963 1121 1025 ου’
1130 943 1196 1042 μό-

79 1079 135 1120 νον
160 1052 384 1141 ἀτιμωρήτους
404 1055 459 1121 καί
478 1058 611 1142 οίναφεῖς
631 1062 875 1140 κατελίμπανον,
900 1060 981 1124 etto
1003 1087 1056 1126 και
1051 1062 1194 1145 δώροις

79 1160 249 1239 ε’τίμοιιιαι
246 1158 430 1241 μεγίστοις
451 1152 685 1243 περιλόμπροις
705 1167 770 1235 τοῖς
787 1157 957 1242 σξιώμασι,
979 1164 1034 1225 καί
1054 1159 1194 1245 σιτήσεις

80 1259 238 1341 ἐχορήγει
271 1254 329 1342 τήν
357 1258 472 1343 χρείαν
500 1260 534 1321 ἐκ
556 1261 676 1321 πολλοῦ
703 1261 760 1323 τοῦ
785 1261 946 1344 περιόντος
974 1261 1109 1337 νικώσας
1131 1261 1194 1325 αό-

41 1360 159 1430 roser.
208 1350 283 1422 ὅθεν
310 1356 402 1423 κοίδ
428 1356 566 1438 δικάζων
591 1355 772 1435 ἀδεκάστοις
803 1358 877 1439 θεός
913 1359 1017 1439 δεξιόν
1046 1359 1104 1446 τήν
1125 1365 1193 1446 ψή-

82 1481 149 1543 φου
174 1459 217 1545 soi
241 1460 350 1535 δεξιῶς
376 1461 532 1545 χρωμένῳ
565 1466 629 1535 τοῖς
659 1461 841 1544 πράγμασιν
868 1461 1095 1545 ε’πεβροίβευοε.
1139 1464 1195 1526 καί

84 1551 189 1639 ὅπως,
214 1547 276 1642 ήδη
300 1557 426 1643 ῥητέον.

187 1656 237 1722 Ἐν
254 1655 409 1736 τοιούτοις
431 1663 494 1724 τών
517 1663 709 1745 πραγμάτων
733 1662 993 1749 οἷμφιδοξοόντων
1015 1662 1113 1744 ἔξεισι
1138 1667 1193 1748 τής

83 1760 176 1835 ι’δίοτς
197 1757 317 1836 πόλεως
338 1758 354 1824 ό
380 1761 610 1846 Βοτανειότης,
639 1766 694 1847 τῆς
716 1763 796 1848 πρός
816 1764 872 1850 τήν
898 1769 1049 1846 βασιλίδα
1072 1762 1195 1852 φεροό-

43 1869 144 1943 15σης
173 1863 242 1942 μετ’
271 1858 432 1944 εὐψυχίας
466 1857 652 1946 ἁπτόμενος.
705 1862 762 1927 δύο
791 1867 826 1928 δὲ
855 1870 918 1931 τών
945 1864 1194 1950 ὑποστρατήγων
1290 1852 1294 1857 ’

84 1962 203 2043 αὐτοῦ,
226 1960 336 2045 κρότος
347 1961 433 2045 ἔχειν
451 1964 620 2045 πολεμικόν
637 1967 693 2029 καί
714 1968 835 2048 πλῆθος
853 1966 1081 2049 στρατιωτικόν
1101 1971 1282 2052 flore-m
1294 2002 1318 2039 ι.

84 2064 266 2142 δυόμεναι,
301 2058 359 2146 τήν
381 2061 587 2149 ὑποχώρησιν
610 2062 748 2148 ἔκλεψαν
776 2064 833 2129 καί
860 2069 1043 2145 λιποταξίου
1065 2064 1194 2153 γραφήν

86 2164 329 2247 ἀπηνέγκαντο,
353 2168 558 2255 πανταχόθεν
590 2158 716 2231 tineosos
745 2169 800 2230 καί
826 2166 996 2248 α’χόριοτοι
1018 2169 1073 2230 καί
1093 2168 1194 2249 οἷγνω·
1279 2233 1282 2238 ,

85 2261 231 2346 μοσόνής
254 2267 406 2349 φανέντες
429 2264 615 2345 όνοὶμεστοι·
669 2273 709 2329 ου’
728 2266 789 2350 γόρ
810 2267 961 2354 (ρ’ήθηοαν
990 2263 1020 2329 οἱ
1041 2266 1194 2329 κακοδαί-
1248 2303 1253 2321 ·

42 2369 184 2445 νομονες
206 2364 276 2427 ov’d’
305 2367 351 2440 είς
374 2369 448 2429 νοῦν
480 2362 594 2448 ἔβαλον
616 2364 648 2431 τό
675 2367 730 2449 τῆς
752 2371 923 2451 θεηγοριάς
944 2362 1126 2450 διόταγμα,
1150 2365 1194 2440 ώς

85 2466 126 2529 od
149 2462 286 2544 σώζεται
309 2467 460 2547 βασιλεὺς
483 2467 537 2532 διὰ
555 2465 673 2552 πολλήν
695 2468 851 2547 δύναμιν·
901 2467 980 2531 oillei
1006 2466 1193 2530 δειλιόοαν-

86 2588 141 2640 τες
163 2565 244 2648 πρός
266 2564 326 2643 τοὶς
358 2569 421 2632 τών
447 2566 597 2652 Τοόρκων
625 2568 833 2653 παρατάξεις,
866 2566 904 2631 αἳ
928 2569 971 2655 τῷ
991 2562 1209 2656 Βοτανειώτη,

87 2662 292 2752 ἐφήδρευον,
313 2666 370 2751 τήν
403 2668 484 2755 πρός
506 2664 604 2733 αὐτόν
626 2666 761 2754 στοργήν
789 2665 986 2752 ἐξωμόσαντο
1009 2671 1062 2734 καί
1082 2693 1192 2755 παρα-

160 2842 186 2895 8.
204 2859 269 2918 μεγ.
290 2848 339 2899 sat
356 2843 473 2918 περιΜ

88 2991 250 3061 superbiens
268 2992 430 3060 inpotenter
441 2998 467 3044 et
478 2991 566 3044 varias
585 2990 781 3059 postulationes
800 3001 827 3044 et
845 3008 946 3060 poenas
967 2994 1081 3047 lundens
1100 3008 1192 3046 eorum

88 3066 230 3133 magisque
248 3064 406 3133 peregrinos
426 3079 526 3116 exuens
544 3069 574 3114 ut
594 3077 626 3113 ex
644 3063 801 3130 corporibus
822 3065 1127 3131 eorumnonsauguinis
1143 3066 1191 3118 sed

90 3136 223 3204 pecuniae
241 3136 380 3204 indagaret
393 3135 490 3188 fontes.

190 3231 244 3284 Sed
253 3232 414 3285 Botaaiates
432 3248 487 3286 nou
514 3233 569 3285 ita:
588 3232 636 3286 sed
657 3245 720 3296 eos,
747 3230 792 3299 qui
811 3231 845 3282 ad
863 3247 922 3282 eum
943 3230 1087 3285 affluebant
1110 3246 1192 3297 pere·

91 3306 173 3375 grini,
194 3303 240 3356 vel
259 3304 393 3359 aliunde
386 3320 413 3357 ru
433 3321 493 3357 eum
511 3304 674 3366 incidebant,
692 3318 745 3355 uon
765 3302 851 3355 solum
871 3302 1019 3355 incolumes
1042 3303 1192 3355 etiutactos

94 3376 280 3445 relinquebat,
299 3378 344 3428 sed
365 3378 443 3430 etiam
462 3377 539 3429 donis
558 3375 708 3429 honorabat
727 3384 755 3428 et
772 3376 892 3427 maximis
913 3383 940 3426 et
958 3375 1106 3427 illustribus
1130 3373 1192 3440 dig-

91 3448 232 3514 nitatibus,
253 3456 280 3499 et
297 3448 424 3500 alimenta
442 3448 588 3516 praebebat
608 3457 754 3517 egestatem
773 3464 864 3501 eorum
882 3448 965 3515 louge
988 3446 1149 3514 superantia.

194 3544 370 3610 Quamobrem
391 3548 469 3597 etiam
488 3546 608 3598 iudicans
627 3546 783 3614 incorrupte
802 3547 867 3598 deus
894 3545 1012 3596 dextrum
1039 3542 1213 3627 sullragiunr¹

92 3618 186 3669 dextre
206 3631 255 3669 uso
275 3617 356 3669 rebus
375 3618 476 3683 tribuit,
495 3625 586 3687 atque,
605 3626 634 3669 ut
652 3619 703 3669 iam
719 3619 816 3669 dictum
837 3626 892 3681 est,
912 3619 939 3666 in
959 3622 1030 3666 tauta
1049 3615 1191 3665 incertitu-

92 3690 153 3741 dine
173 3688 255 3740 rebus
276 3690 446 3742 versantibus
467 3691 602 3759 egreditur
624 3704 672 3741 sua
690 3686 756 3741 urbe
776 3689 940 3751 betuniam,
962 3689 1030 3737 viam
1049 3685 1081 3736 ad
1100 3685 1191 3736 urbem

93 3761 224 3812 terentem
242 3759 313 3812 bono
333 3762 421 3812 auimo
440 3769 543 3813 tenens.
582 3762 633 3813 duo
653 3768 740 3810 nutem
769 3760 939 3810 centuriones
965 3758 1021 3808 eius
1047 3758 1192 3824 potentiam

90 3830 218 3884 bellicam
238 3838 265 3882 et
282 3832 478 3884 multitudinem
497 3832 638 3885 militarem
657 3846 687 3883 se
706 3830 805 3881 babere
817 3829 965 3899 gloriantes
984 3828 1051 3879 clam
1067 3844 1193 3881 recesse-

91 3911 153 3955 runt
172 3910 200 3954 et
218 3904 286 3955 aciei
305 3903 418 3955 relictae
441 3919 546 3956 causam
564 3910 743 3972 reportarunt,
763 3901 862 3969 ubique
888 3901 961 3952 inlidi
987 3909 1014 3951 et
1040 3902 1137 3969 ingrati
1166 3908 1193 3951 et

91 3975 233 4044 pravitatis
258 3975 529 4043 apparentespleui.
547 3989 636 4058 neque
656 3973 725 4023 enim
744 3980 869 4040 putarunt
887 3973 995 4024 infausti
1014 3987 1103 4041 neque
1130 3971 1191 4022 ani-

90 4046 293 4099 madverterunt
312 4047 420 4098 divinae
441 4047 568 4098 orationis
594 4046 857 4114 determinationem,
886 4060 938 4097 nou
967 4047 1069 4096 servari
1098 4056 1190 4108 regem

91 4126 205 4247 {reptet
225 4116 333 4168 multam
353 4118 517 4185 potentiam:
538 4117 583 4169 sed
602 4114 686 4167 timidi
705 4118 833 4169 adversus
852 4117 993 4170 lurcarum
1014 4116 1129 4175 ordines,
1147 4109 1191 4177 qui

116 4190 254 4244 omnisne
267 4189 469 4258 insidiabantur,
490 4188 548 4245 eius
562 4202 678 4244 aurorem
698 4189 869 4246 eiurarerunt
888 4197 915 4244 et
932 4188 1081 4259 proditores
1091 4186 1193 4235 rurum
