3168 4988
368 474 371 483 ·
474 474 477 477 x
573 427 781 499 arsaoarl.
1156 427 1232 502 275

126 601 190 687 γάρ
214 595 254 686 ἧν
273 599 308 666 τό
337 605 394 686 τῆς
414 596 620 687 εὐδαιμονίας
641 611 675 672 ἐν
697 605 816 688 ἅπασι,
839 608 893 671 καί
918 608 1004 695 καινὴ
1026 612 1082 696 τῆς
1103 612 1234 700 εδεργε-

128 709 202 777 σίας
226 702 245 787 ἦ
267 706 443 784 ἑπιμένεια.
497 708 549 791 ἐφ’
583 701 630 782 οἷς
659 712 714 773 καί
743 708 862 791 άπορία
891 706 1013 785 πάντας
1031 720 1158 796 κατεῖχε
1179 716 1236 779 καί

128 803 257 886 θάμβος
279 806 428 881 ἐξαίσιον,
452 807 520 881 πῶς
544 812 602 870 τοῦ
620 808 942 891 προβεβασιλευκότος
965 810 1104 895 Μιχαὴλ
1124 817 1234 878 πενίαν

129 907 324 990 θρηνοῦντος
356 905 409 969 atsi
433 908 490 970 καί
509 907 645 991 άπορίαν
668 907 782 994 δεινήν,
811 914 866 976 καί
887 903 1045 976 άδόναταν
1067 909 1158 1001 orlani
1177 909 1234 997 τὴν

102 1013 121 1064 5
128 1015 229 1090 χεῖρα
248 1001 441 1071 καθεστάναι
463 1004 543 1090 πρός
564 1009 746 1093 εὐεργεσίαν
766 1009 885 1094 μικράν
906 1012 1101 1095 ἐπιλέγοντος
1123 1007 1177 1076 διά
1197 1012 1231 1076 τό

130 1107 189 1190 τῆς
211 1109 376 1187 βασιλείας
397 1105 481 1188 τάχα
502 1105 702 1195 δυστύχημα,
726 1111 760 1174 ἐκ
776 1111 874 1177 ποίων
888 1113 995 1196 πηγάν
1015 1102 1109 1188 οὗτος
1128 1110 1145 1174 δ
1166 1111 1234 1193 μετ’

125 1210 255 1273 ἐκεῖνον
284 1204 325 1270 τά
345 1205 515 1288 Ῥωμαίων
548 1213 688 1293 σκῆπτρα
716 1207 928 1295 ἐγχειρισβείς
957 1210 1116 1287 τοσαύτας
1142 1210 1235 1277 άνεκὲ

134 1304 301 1391 διηγητους
333 1308 516 1390 εόεργεσίας
538 1310 593 1374 καί
616 1307 720 1388 δόσεις
746 1314 802 1376 καί
827 1311 1019 1378 πλουτοπαιά
1051 1314 1265 1398 χαρισματαλ.
1283 1321 1369 1380 2281.

134 1405 319 1494 ἐνεδείξατο,
343 1411 398 1473 καί
417 1409 513 1487 τιμάς
536 1408 616 1494 sindo
637 1412 772 1494 ψάμμον
791 1412 846 1477 καί
865 1411 963 1497 χορὸν
985 1413 1144 1497 σδρανίων
1166 1439 1238 1502 φω-
1403 1420 1407 1425 ’

90 1514 124 1568 10
133 1506 270 1592 σκάρων.
294 1506 349 1573 καί
368 1511 431 1574 τῶν
448 1512 508 1607 μὲν
523 1504 626 1575 άλλων
646 1508 773 1596 ἥμερόν
794 1513 851 1588 τὰς
869 1511 966 1594 τιμάς
984 1513 1037 1578 διά
1060 1513 1096 1577 τό
1117 1518 1238 1601 πλῆθος

134 1612 193 1673 καί
212 1605 246 1673 τό
272 1607 423 1693 α’όριστον
442 1615 517 1698 σιγῇ
537 1613 772 1694 παραδέδοται·
803 1611 841 1678 τά
871 1617 901 1677 δ’
920 1616 975 1679 ἐπί
995 1617 1035 1703 τῇ
1053 1615 1115 1680 τεόν
1136 1614 1239 1698 βαίοοκ

134 1713 272 1795 κυριακῇ
286 1709 405 1786 πάντας
423 1711 621 1794 ἀμωσγέπως
634 1715 812 1799 ἐξέπληξαν.
835 1717 924 1779 πάσα
938 1715 1000 1799 γάρ
1015 1715 1035 1800 ἢ
1055 1713 1240 1803 σύγκλητος,

134 1808 218 1893 ὑπὲρ
235 1812 397 1893 μυριάδας
411 1811 536 1896 ἀνδρῶν
549 1820 844 1900 παραμετρουμόνη,
865 1816 933 1881 κατ’
949 1809 1051 1900 ἄνδρα
1067 1820 1124 1884 καί
1133 1842 1237 1904 κεφα-

134 1909 194 1993 λὴν
221 1910 367 1992 μεγάλων
393 1913 539 1995 ἠξιοῦντο
556 1915 665 1994 τιμῶν,
680 1919 913 1998 εετρᾳριβμσυς
932 1923 986 1982 καί
1005 1922 1240 2004 πενταρίθμους

89 2018 123 2075 15
134 2010 283 2093 βαβμούς
304 2009 577 2094 όπερβαιναυσῶν,
599 2010 641 2091 ὥς
658 2017 740 2098 μηδὲ
761 2014 861 2079 ου’τόν
876 2014 930 2081 τὸν
949 2012 1239 2102 πρωτοβεστιάριον

134 2107 171 2175 ἐκ
193 2111 251 2173 τοῦ
270 2113 427 2191 βασιλέως
458 2109 616 2178 δόνασβαι
646 2112 909 2198 παραλαμβάνειν
937 2116 1012 2189 τοός
1041 2119 1237 2198 τιμωμένους

134 2211 192 2276 καί
209 2208 266 2287 τάς
284 2209 375 2287 άξίας
393 2214 582 2298 ἐπιφωνεῖν,
601 2212 680 2278 άλλά
703 2216 921 2278 συναντάσθαι
937 2213 1022 2298 παρά
1050 2217 1112 2281 τῶν
1138 2216 1239 2296 τιμῶκ
1339 2262 1343 2270 s

135 2315 264 2396 συχνοῖς
288 2314 344 2377 καί
364 2312 579 2399 ὑποστρέφειν
600 2312 655 2379 ἐπί
672 2314 730 2398 την
757 2311 916 2398 προβολήν
938 2316 994 2379 καί
1016 2306 1114 2391 αὖθις
1135 2311 1241 2380 άνβυ-

134 2415 341 2500 ποστρόφειν,
367 2408 387 2497 ἢ
409 2410 464 2479 καί
485 2416 538 2480 ε’πί
561 2416 619 2479 τοῦ
640 2417 743 2480 ου’τοδ
765 2412 933 2497 ἱστάμενον
959 2406 1028 2480 άλλ’
1059 2416 1106 2479 ἐπ’
1128 2407 1238 2491 άλλως

86 2512 436 2596 λθκαταλαμβόνσντας
464 2513 664 2579 ἐπισπεύδειν
687 2517 772 2579 nala.
797 2563 805 2580 .
835 2513 891 2591 τάς
916 2517 1103 2596 τιμωμένων
1131 2515 1239 2602 ἐκφω-

132 2615 251 2699 νὴσεις,
272 2618 326 2679 καί
347 2610 470 2697 μόχθον
492 2622 582 2696 σχεῖν
603 2619 785 2698 τηλικοῦτον
807 2609 880 2691 ὅσος
903 2615 990 2703 arfrid
1010 2616 1066 2680 καί
1086 2612 1145 2699 τὴν
1167 2640 1239 2703 φω-

132 2715 192 2799 νὴν
215 2719 414 2799 περιέκοψεν.
469 2712 546 2781 εἴπω
568 2740 599 2780 τι
622 2717 841 2801 ιίστειότερονς
866 2713 896 2781 οἷ
918 2715 1013 2801 άργοί
1033 2718 1089 2801 καί
1108 2722 1239 2805 πένητες

132 2822 193 2903 τῆς
213 2814 464 2902 βασιλευσάσης,
496 2814 526 2882 αἱ
545 2824 615 2894 ταῖς
637 2819 818 2886 ἐπισκεπδσι
840 2824 904 2886 τῶν
930 2816 1121 2907 λεωφόρων,
1142 2820 1237 2906 αἵπερ

212 2997 253 3049 11.
272 2995 481 3071 παραδέδωκαλ

136 3169 297 3223 assiduitas:
325 3175 435 3237 propter
461 3181 530 3237 qnae
555 3168 633 3220 etium
658 3167 788 3219 dubitatio
818 3180 909 3219 omnes
928 3166 1036 3219 tenebat
1055 3174 1083 3218 et
1100 3167 1239 3222 admiratio

136 3244 245 3311 ingens,
266 3242 397 3311 quomodo
417 3256 475 3292 curn
495 3240 617 3306 superior
643 3255 692 3291 rex
710 3237 823 3292 bllchael
851 3239 966 3304 inopiam
991 3244 1152 3306 quereretur
1166 3253 1240 3290 sem.

137 3330 189 3382 per
208 3321 236 3364 et
254 3320 399 3381 egestatem
422 3314 514 3376 diram,
543 3319 570 3362 et
587 3310 715 3363 infirmum
736 3309 787 3362 sibi
809 3324 910 3361 manum
941 3324 1001 3360 esso
1019 3301 1122 3360 diceret
1138 3308 1170 3361 ad
1188 3309 1241 3362 be.

136 3385 264 3438 aeficium
283 3399 392 3451 parvum
412 3392 522 3451 proptor
539 3384 617 3451 regni
638 3383 777 3446 fortunam,
800 3397 833 3432 ex
852 3379 975 3450 qualibus
994 3379 1111 3431 lontibus
1131 3379 1174 3431 bio
1194 3381 1241 3448 qai

137 3455 295 3525 pastillum
316 3456 494 3508 Romanorum
513 3463 645 3521 sceptrum
670 3461 812 3521 acceperat
835 3460 907 3505 tanta
925 3450 1115 3503 inenarrabilia
1134 3450 1241 3503 benefl-

139 3530 183 3579 cia
204 3535 232 3578 et
250 3528 319 3579 dona
339 3536 366 3578 et
383 3527 481 3579 divites
502 3526 659 3596 largitiones
678 3525 841 3577 ostendisset
854 3533 881 3576 et
895 3524 1011 3575 bonores
1031 3536 1111 3588 sopra
1132 3536 1240 3574 arenam

139 3607 170 3651 et
188 3599 296 3650 eborum
316 3596 474 3649 coelestium
493 3597 629 3649 luminum.
667 3604 746 3665 atque
772 3596 842 3664 qaod
860 3604 1009 3647 ceterorum
1030 3593 1131 3643 dieram
1150 3593 1239 3645 bono.

136 3686 184 3724 ree
202 3670 298 3722 attinet
316 3677 425 3739 propter
448 3668 641 3721 multitudinem
662 3682 752 3720 eorum
773 3674 800 3719 et
819 3667 948 3718 inlinitum
972 3679 1110 3716 numerum
1130 3663 1240 3718 silentio

137 3742 229 3794 traditi
259 3750 338 3794 sunt:
367 3755 436 3809 qnae
460 3749 547 3792 autera
573 3741 617 3791 die
640 3740 772 3791 dominica
804 3737 947 3806 palmarum
966 3735 1130 3800 acciderunt,
1148 3750 1240 3789 omues

138 3813 232 3881 aliquo
260 3814 339 3864 modo
367 3813 524 3863 excitarunt.
568 3811 652 3861 omnis
681 3812 750 3861 enim
775 3815 922 3860 conventus
947 3807 1079 3873 myriades
1104 3807 1240 3860 bominum

139 3884 274 3937 excedens
297 3883 397 3934 viritim
418 3890 444 3932 et
462 3882 606 3934 secundum
625 3881 712 3948 capita
725 3880 826 3948 magnis
846 3876 989 3930 ornabatur
1007 3877 1152 3932 honoribus
1171 3895 1239 3950 qua.

137 3966 203 4008 tuor
222 3956 385 4019 autquinque
410 3955 506 4020 gradus
525 3951 730 4020 superantibus·,
749 3952 786 4001 ita
810 3958 839 4000 ut
856 3964 890 3999 ne
910 3950 967 4015 ipse
986 3950 1091 4018 quidem
1108 3959 1241 4019 protove.

137 4024 250 4081 stiarius
269 4039 284 4074 a
305 4038 370 4090 rege
388 4033 480 4088 posset
495 4026 619 4091 accipere
639 4022 782 4073 honoratos
798 4028 824 4071 et
841 4021 983 4089 dignitates
1001 4025 1176 4089 pronuntiare
1193 4022 1241 4072 ssd

139 4098 302 4150 obrueretur
322 4094 477 4146 bonoribus·
489 4110 569 4161 asopo
589 4102 615 4144 et
634 4094 743 4144 cederet
770 4092 802 4143 ad
822 4094 976 4160 sutregiam
994 4108 1140 4161 rursusque
1159 4106 1241 4143 reos.

141 4169 220 4221 derat
238 4172 283 4216 aut
303 4164 382 4216 etiam
402 4166 428 4214 ia
453 4167 546 4217 eodem
565 4164 627 4215 loco
646 4171 718 4215 stans
739 4173 869 4231 perpetuo
895 4172 986 4216 auctas
1005 4163 1171 4216 acceleraret
1188 4160 1242 4213 bo-

139 4245 297 4291 noratorum
316 4235 548 4303 pronuntiationes
569 4241 596 4285 et
613 4234 732 4287 laborem
752 4235 863 4288 haberet
879 4242 990 4298 tantuna
1009 4242 1038 4286 nt
1058 4236 1083 4284 ol
1103 4243 1131 4285 et
1146 4246 1242 4287 voram

142 4310 297 4365 coniceret.
346 4305 430 4359 dican
457 4306 520 4374 quid
543 4305 687 4360 urbanius:
713 4306 818 4361 desides
844 4314 872 4359 et
898 4320 1031 4374 pauperes
1056 4304 1131 4361 arbit
1149 4306 1196 4381 qul
1212 4306 1242 4359 itt
