3222 5000
403 391 414 414 ·
522 375 729 442 metuant.
1159 375 1181 446 5

100 556 149 598 τιιν
168 528 191 597 δ
209 536 273 620 χρὴ
295 533 351 599 καί
372 537 469 601 πᾶσιν
489 534 707 601 ὑποδεικνύειν
729 536 868 617 ἀψευδές
882 537 1043 621 σύμβολον
1061 539 1100 604 τοὶ
1122 544 1185 607 τῶν

99 635 273 717 ιοιτερινῶν
283 657 343 701 σου
363 632 465 718 λόγων
484 633 732 718 σπουδάσματα,
754 640 811 704 καί
829 638 873 710 τίς
895 636 952 713 τοὶς
964 640 1094 720 βίβλους
1109 641 1192 726 δληω

98 736 152 808 θοός
172 739 331 818 περιέπεις
361 738 417 799 καί
448 734 567 801 τούτων
588 738 745 818 έπιμελοδς
779 738 897 826 ἀκροᾷ,
918 741 1054 819 μείζονα
1076 739 1187 806 λοιπὸν

99 831 162 914 ἡμίν
181 830 237 897 eds
265 837 372 918 α’γοδνα
401 839 457 901 καί
488 834 697 921 ἀκμαιότερον
724 840 889 919 τέθεικας,
911 830 992 903 ὥστε
1014 843 1188 927 προφέρειν

80 951 122 1003 ὅτι
140 937 201 1005 ,τοῖν
222 941 288 1001 σῶν
308 940 442 1003 τουτωνί
463 939 596 1020 λογικῶν
617 936 873 1019 σπονδασμοὶτισν
894 937 1032 1015 έποὶξιον.
1069 939 1122 1005 did
1145 939 1186 1021 δὴ

97 1036 191 1101 ταῦτα,
203 1040 263 1100 καί
280 1061 350 1101 τινα
373 1039 480 1102 δέλτον
490 1038 648 1115 συντάξας
663 1041 697 1102 έν
713 1043 776 1103 τῶν
798 1040 963 1124 προσεχῶς
984 1048 1051 1115 τοϊς
1073 1039 1187 1126 ipses.

97 1121 155 1218 ροις
173 1133 300 1218 χρόνοις
321 1140 533 1222 γεγενημένων
555 1138 697 1219 πράξεων
719 1138 752 1203 έν
767 1162 800 1204 τε
821 1145 969 1220 πολέμοις
992 1144 1046 1204 καί
1065 1141 1188 1225 μάχαις

95 1236 142 1299 καί
163 1239 263 1312 νίκαις
282 1235 337 1301 καί
350 1232 458 1321 ἥτταις
480 1237 535 1303 καί
554 1248 734 1321 πολεμικοίς
755 1242 999 1323 κατορθώμασιν
1023 1235 1043 1324 η’
1064 1239 1187 1325 ἀτυχη-

94 1360 175 1422 paor,
199 1341 352 1418 προσθείς
374 1340 409 1402 δὲ
432 1340 487 1402 καί
505 1336 564 1415 τάς
585 1342 690 1417 αι’τίας
712 1338 793 1405 κατὰ
809 1338 842 1405 sd
865 1339 1001 1406 δονατδν
1022 1346 1083 1406 τοῖν
1102 1339 1185 1406 οδτω

65 1439 323 1518 ιοτετελεσμένισν,
345 1434 413 1504 εἶτα
438 1445 631 1523 παρατείνας
650 1439 703 1506 τὸν
725 1440 814 1525 λόγον
835 1436 854 1527 ἢ
876 1444 930 1506 καί
950 1441 1123 1525 ἐξαρτύσας
1143 1442 1208 1517 οδς·

95 1536 287 1621 ένηδιίσμασί
311 1563 374 1603 τισι
406 1551 471 1616 τοῖς
504 1541 781 1625 παρεμπίπτουσα
812 1542 1005 1625 δπροόπτσις
1037 1545 1188 1627 σημειόις,

92 1637 197 1721 ripensis
217 1662 252 1707 τε
283 1638 339 1705 καί
359 1646 470 1717 κακίαις
499 1647 562 1707 ταῖν
592 1641 757 1724 εἰρξάντων
783 1642 837 1708 καί
868 1642 1060 1728 ἡγεμονικῶς
1083 1642 1189 1726 ὑπαρ-

92 1738 203 1817 ξόντων
223 1739 470 1824 δναταξδμενος,
492 1747 718 1820 σανεπιπλέξας
741 1747 776 1810 δέ
795 1750 851 1809 καί
870 1744 1009 1830 φυσικάς
1030 1769 1117 1819 τινας
1135 1767 1187 1808 τε.

89 1842 251 1922 χνολογίας
269 1839 325 1906 καί
345 1840 434 1921 ζοίων
457 1843 544 1918 ἰδέας
565 1843 783 1930 ἀναφανείσας
803 1853 867 1923 τοϊς
884 1844 956 1910 τότε
978 1852 1111 1929 καιροῖς,
1134 1847 1190 1910 καί

63 1936 192 2017 alatus
220 1942 366 2026 ποικίλην
388 1944 457 2008 τινὰ
478 1948 589 2025 βίβλον
610 1939 715 2030 ιδσπερ
737 1949 954 2037 λειμαλνατοῖς
972 1936 1084 2015 ἄνθεσι
1105 1942 1217 2030 flod-l.
1240 1958 1291 2013 168
1302 1972 1327 2014 τ.

88 2062 181 2105 ιοσαν
206 2042 466 2126 α’ποτερματίσας
487 2047 541 2109 ε’πί
561 2046 705 2131 ἐξηγήσει
729 2047 847 2112 τούτων
868 2043 1013 2113 ἁπάντων
1036 2042 1107 2129 (καί
1124 2046 1187 2132 γαρ

87 2143 113 2206 α’
134 2144 196 2208 καί
228 2140 318 2228 περί
334 2147 396 2210 τῶν
425 2145 500 2230 ἡμῖν
535 2150 739 2230 ἐγνωσμένων
762 2150 956 2235 φθέγγεται,
986 2149 1054 2212 ἄλλ’
1085 2144 1190 2234 ἧτοδν

25 2236 26 2249 ’
85 2252 303 2331 καινοπρέπων
321 2245 416 2328 χύσις
438 2247 477 2311 oo'
497 2244 647 2330 βούλεται
669 2251 769 2313 ταῦτα
785 2251 859 2337 σιγῇ
881 2253 1052 2331 παρελθεῖν
1073 2253 1129 2315 καί
1146 2251 1192 2325 είς

82 2347 178 2435 λη’θην
202 2346 329 2413 τούτων
348 2348 423 2425 τούς
443 2343 633 2431 ἀνθρώπους
657 2350 787 2432 ἐλθεῖν),
811 2345 928 2432 ταύτην
943 2345 1049 2432 ὥσπερ
1066 2374 1096 2414 τι
1113 2354 1191 2412 καλ·
1306 2379 1311 2393 ’

55 2453 217 2534 αλεὲρημα
244 2447 302 2512 καί
322 2449 461 2529 δεξίωμα
479 2447 627 2514 δουλικὸν
650 2453 691 2537 τῇ
714 2452 756 2537 σῇ
778 2440 1005 2539 φιλανθρωπίη
1022 2449 1076 2513 καί
1096 2438 1189 2533 φιλο·

79 2552 199 2641 χρίστητ
232 2552 361 2637 σπουδῇ
390 2552 540 2638 ἀναφέρω
576 2553 632 2615 καί
661 2550 858 2637 α’νατίθημι,
891 2548 933 2626 cde
964 2546 1003 2615 dv
1042 2553 1082 2639 τῇ
1110 2548 1191 2616 ταί-

81 2675 128 2735 της
162 2654 278 2737 κρίσει
312 2656 366 2716 καί
399 2658 601 2739 μεγαλοφιιεί
631 2649 799 2734 διαγνώσει
842 2654 976 2738 διατεθῇ
1011 2649 1050 2717 sd
1086 2653 1190 2728 καλῶς

25 3036 27 3095 η
75 3007 195 3060 nutus
216 3003 382 3074 significare
405 3005 511 3056 sineere
532 3010 561 3055 ut
578 3005 683 3071 signum
710 3012 898 3057 noctnmarnm
922 3013 1024 3058 tuarum
1042 3006 1192 3060 orationum

76 3077 299 3140 lsenbrstiunes,
320 3083 399 3143 atqrw
417 3075 549 3144 quomodo
570 3075 663 3127 literas
681 3091 746 3128 vere
766 3075 839 3128 colas
860 3076 964 3146 hosque
983 3077 1128 3145 diligenter
1147 3078 1191 3130 le.

73 3167 121 3215 ςει,
139 3152 239 3203 mains
263 3149 320 3199 iam
343 3145 421 3198 nobis
446 3155 581 3199 certamen
608 3154 634 3198 et
660 3148 776 3200 vividius
803 3146 958 3212 reddidisti,
980 3156 1008 3199 nt
1026 3147 1191 3214 proferamus

25 3278 27 3329 ι
74 3224 215 3347 elim
246 3217 1191 3357 ¹²⁵tt1tuitettu‘tttittitutst,uittam

165 3309 214 3347 am
239 3306 282 3343 eu

25 3390 26 3415 r
72 3366 241 3433 impetibus
282 3368 419 3428 gestarum
444 3305 571 3412 idionis
597 3368 624 3412 et
646 3361 759 3427 proeliis
786 3369 813 3412 et
832 3360 953 3412 victoriis
977 3367 1006 3411 et
1026 3357 1145 3411 cladibus
1165 3367 1193 3410 et

25 3442 27 3495 i
73 3437 126 3489 belli
148 3434 302 3490 feticibus
320 3440 347 3483 et
366 3430 519 3483 infelicibus
539 3433 632 3498 laetis,
653 3441 680 3485 et
707 3432 851 3485 addiderim
869 3433 948 3483 etiam
967 3446 1084 3495 caussas,
1104 3431 1191 3498 quoad

25 3498 27 3567 l
71 3512 145 3575 potui,
164 3521 293 3567 eorum,
314 3518 382 3570 quae
402 3504 437 3553 ita
456 3511 531 3571 gestu
550 3512 621 3568 sunt,
642 3504 738 3556 deinde
759 3505 923 3555 extenderim
947 3501 1043 3554 librum
1062 3503 1121 3554 sive
1140 3516 1192 3568 po-

71 3584 111 3632 t‘us
128 3577 305 3633 condierint
325 3582 448 3641 tanquam
478 3575 651 3627 condimentis
683 3573 837 3643 quibusdam
862 3574 977 3626 fortuitis
1005 3588 1093 3641 neque
1113 3581 1193 3625 antea

70 3650 276 3704 ninsdversis
309 3646 521 3714 signis,„atqne
546 3648 658 3698 virtutes
678 3654 705 3698 et
723 3647 788 3697 vitia
808 3660 914 3710 eorum,
934 3646 979 3714 qui
1001 3652 1147 3713 regnarunt
1166 3654 1193 3697 et

69 3728 102 3793 qni
128 3718 332 3792 imperatoris
361 3716 438 3768 modo
467 3719 602 3783 praesides
633 3717 754 3780 luerunt,
780 3717 949 3784 repetierint,
973 3718 1021 3769 sed
1048 3717 1192 3768 adiecerim

69 3800 135 3847 uiam
156 3790 324 3848 naturales
344 3788 467 3855 quasdam
487 3791 657 3858 quaestiones
684 3797 711 3840 et
728 3788 881 3841 animalium
902 3787 1008 3853 formas,
1030 3788 1123 3858 quales
1142 3805 1192 3856 ap.

68 3870 204 3935 praesint
233 3861 308 3914 illis
333 3859 512 3925 temporibus,
532 3868 612 3929 atque
640 3875 693 3912 uno
712 3860 796 3912 verbo
815 3861 918 3912 varium
938 3862 1066 3928 quendam
1087 3860 1192 3924 librum,

69 3950 184 4010 „qm
204 3941 334 4007 pratum
355 3927 463 3982 lloribus
482 3931 616 3985 abundans
642 3931 774 3984 liniverim
792 3932 825 3984 ad
846 3933 992 3985 enarranda
1010 3932 1076 3984 hsee
1095 3932 1192 3995 omnia,

70 4015 171 4077 [etenim
194 4007 258 4061 etsi
286 4001 328 4054 dc
347 4001 389 4063 iis,
409 4016 476 4069 quae
495 4018 510 4054 a
529 4003 607 4055 nobis
625 4011 745 4071 spectata
763 4012 833 4071 sunt,
852 4005 969 4067 dicetur,
989 4012 1076 4054 tamen
1097 4003 1193 4055 novis-

69 4086 180 4138 simum
214 4087 329 4133 rerum
349 4073 427 4137 copia
445 4087 497 4124 non
517 4076 581 4126 sinit
599 4075 665 4126 luee
692 4073 802 4127 silentio
821 4076 961 4142 praeteriri
980 4082 1007 4124 et
1027 4074 1054 4124 in
1072 4072 1192 4124 oblivio.

69 4171 113 4206 m
133 4157 241 4208 aarum
269 4143 405 4198 homiues
431 4144 580 4214 incidere),
608 4145 678 4196 bunc
703 4147 786 4212 igitur
813 4146 909 4198 librum
936 4154 1058 4212 tanquam
1088 4159 1192 4195 sacrum

71 4228 172 4280 husam
196 4232 229 4276 et
255 4220 371 4271 dorsum
385 4223 528 4285 xacceptum
548 4218 619 4268 servi
644 4219 681 4267 tui
702 4216 858 4269 humanitati
876 4226 938 4269 tuse
958 4224 984 4267 et
1004 4215 1091 4267 studio
1110 4214 1191 4268 Obri-

70 4302 146 4354 uanis
177 4285 375 4353 amicissimo
398 4285 483 4339 ollero
507 4281 536 4341 et'
560 4288 664 4356 depono
692 4295 721 4339 ut
748 4289 827 4342 huius
857 4287 956 4340 iudicio
976 4294 1003 4337 et
1020 4285 1190 4338 distinetione

143 2835 169 2885 l.
193 2831 370 2905 σύμβουλον
390 2830 420 2885 G.
556 2832 600 2886 20.
622 2845 715 2900 margo
733 2831 881 2906 δνιίθημα.
