3150 4986
585 301 792 373 lilss‘llollld.
1166 298 1238 373 185

130 462 317 532 Ῥουτίλιον
338 466 535 549 δμεμαθήκει
556 466 636 549 πρὸς
657 466 714 549 τήν
746 469 920 550 α’ντιπίραν
941 464 1244 549 στρατοπεδεύσασε

134 568 209 641 θαι,
231 565 289 647 τήν
315 566 350 630 δκ
381 567 437 648 τῆς
460 569 521 630 τεόν
539 567 760 649 Ἀρμενιακῶν
787 560 907 650 dnum
930 563 1013 648 μετό
1041 568 1158 650 πολλής
1188 564 1250 668 aar:

137 663 305 748 α’γρόπνου
326 669 381 749 τής
402 662 555 742 ἱππασίας
578 666 633 732 κατ’
658 666 844 742 όπιτόσεως.
886 671 1015 749 πίμψοις
1047 668 1081 731 δὲ
1114 664 1130 729 ό
1157 668 1241 731 Καί·

137 789 202 848 σορ
225 767 303 847 περί
322 762 489 851 σύνθηκτόν
523 766 612 855 crispi
631 769 684 830 καί
701 767 846 852 εἰρήνης,
875 766 918 842 τός
942 766 1042 849 εἰκός,
1072 762 1239 844 διελέξατο.

114 863 199 940 5οόκ
218 869 252 931 δν
273 863 333 956 ἴσῳ
354 868 389 931 δὲ
412 869 456 956 τῷ
476 868 531 951 τής
552 866 649 951 τόχης
672 868 913 951 όποτελίσματί
932 890 964 933 τε
995 869 1050 931 καί
1078 866 1240 950 συγκυρή.

136 990 215 1046 ματι
239 965 296 1050 τήν
318 970 490 1049 πρεσβείαν
511 965 705 1054 εἰσήνεγκεν,
728 969 798 1047 οὐδ’
820 967 874 1034 ἐπί
904 970 1081 1054 φιλοτίμοις
1110 965 1241 1051 ἐπογγε·

135 1068 222 1141 λίαις
243 1071 299 1132 καί
319 1070 466 1152 δωρεαῖς,
489 1068 560 1131 ἄλλ’
589 1070 643 1134 ε’πί
667 1070 856 1135 ταπεινώσει
882 1067 940 1133 καί
966 1070 1134 1157 συμβουλή
1158 1069 1241 1150 τόχα

137 1169 197 1232 τοῦ
212 1166 258 1251 μή
283 1169 409 1251 α’πηντός
431 1168 485 1232 καί
503 1172 652 1250 χαλεπῶς
685 1173 957 1254 διοχειριπθήναι.
1001 1165 1017 1232 ό
1047 1170 1082 1232 δὲ
1108 1164 1242 1234 Ῥουοδ-

136 1272 204 1343 λιος
225 1266 294 1349 ἅμα
315 1271 375 1350 μὲν
397 1278 467 1344 ταῖς
493 1271 591 1345 ἰδίαις
613 1268 708 1352 χερσί
729 1262 881 1355 θαρρῶν,
911 1266 980 1351 ἅμα
1008 1272 1042 1334 δδ
1072 1267 1126 1333 καί
1145 1275 1241 1332 πολε-

100 1371 233 1451 ρημικοῦ
258 1369 459 1455 φρονήματος
495 1369 550 1433 καί
570 1369 786 1455 γενναιότητος
817 1375 935 1449 πνέων,
958 1371 1014 1435 ouis
1035 1366 1159 1447 ἐδέξατο
1184 1368 1242 1452 τήν

136 1475 307 1555 πρεσβείαν
336 1468 379 1545 τός
403 1470 622 1563 ἀτιμάζουσαν
654 1470 756 1537 adro&
778 1470 835 1555 τήν
856 1470 952 1555 ἶσχόν
971 1474 1025 1536 κατ’
1048 1470 1241 1535 όπειλοτῖσαν

136 1569 190 1635 καί
208 1569 284 1653 origi
300 1572 502 1656 δεξιουμένην
535 1569 632 1635 αδτόν
653 1570 859 1655 ὑποσχέσεσι.
913 1575 969 1638 κατ’
989 1570 1042 1636 διό
1064 1573 1158 1635 τοῦτο
1179 1570 1239 1634 πό.

137 1677 230 1752 λεμος
257 1670 381 1756 δμφοῖν
403 1669 640 1757 ἐπεκηρυκεόθη
661 1680 727 1747 τοῖς
742 1677 882 1754 μδρεοιν.
924 1671 1081 1757 ἐπεχείρει
1101 1674 1161 1755 μὲν
1182 1663 1238 1735 οόν

137 1769 304 1853 inarum
329 1770 381 1834 διό
406 1775 463 1854 τής
480 1771 624 1858 γεφόρας
646 1777 864 1857 περαιωθῆναι
888 1777 957 1839 κατ’
982 1774 1098 1838 αότοό·
1141 1794 1238 1837 συνε-

100 1873 268 1954 τεβοόλευε
291 1873 322 1934 δ’
343 1870 359 1935 ό
382 1872 600 1956 συστράτηγος
623 1867 677 1958 (ήν
698 1878 728 1938 δ’
754 1866 847 1950 οὗτος
869 1875 1056 1960 Νικηφόρος
1074 1896 1237 1956 κοπροπα-

136 1969 229 2057 λα’της
254 1971 271 2035 ό
297 1973 520 2057 Βοτανειότης,
542 1972 622 2057 α’νήρ
647 1972 680 2054 ἐξ
699 1973 833 2053 ἐνδόξων
861 1974 1027 2057 γενόμενος
1046 1974 1101 2039 καί
1121 1997 1238 2057 προγο.

136 2070 222 2157 νικήν
257 2069 342 2155 ἔχων
372 2071 429 2157 τήν
452 2072 683 2158 στρατιωτικήν
713 2073 933 2159 γενναιότητα,
964 2078 1021 2139 καί
1040 2074 1121 2140 κατὰ
1142 2081 1237 2160 χεῖρα

135 2173 188 2238 καί
207 2177 312 2261 φρδνα
335 2167 458 2237 πόντων
479 2175 670 2261 ὑπερφέρων
697 2176 753 2239 καί
781 2174 1022 2258 ὖπερκείμενος,
1055 2177 1110 2239 κατ’
1128 2179 1366 2256 γένουςΗθδτ.

135 2277 332 2358 λαμπρότητι
359 2271 414 2337 καί
442 2280 626 2360 περιουσίας
655 2276 815 2358 όλβιότητι
844 2273 923 2339 κατὰ
957 2277 1063 2340 πᾶσαν
1081 2269 1235 2353 όνατολήν

96 2374 302 2458 γοτυγχόνστν
332 2375 576 2461 ἐπισημότατος)
608 2375 652 2460 μή
694 2378 843 2459 διαβήναι
879 2373 934 2441 τόν
965 2374 1126 2458 ποταμόν,
1152 2370 1233 2437 σ’λλό

135 2482 316 2558 περιμεῖναι
345 2476 400 2538 καί
426 2473 459 2539 τό
493 2475 603 2540 λοιπόν
622 2480 679 2541 rori
706 2478 864 2557 στρατσό,
896 2474 951 2546 καί
970 2469 992 2562 ή
1012 2471 1234 2555 καταμαλόξαι

135 2575 184 2639 τόν
204 2571 372 2659 βόρβορον
391 2574 602 2659 ὑποσχέσεσιν
624 2581 659 2643 ἑκ
680 2579 735 2660 τής
764 2571 976 2660 ὑπερθέσεως,
998 2568 1018 2661 ή
1040 2571 1235 2663 περαιούμε-

135 2696 186 2740 νον
206 2679 242 2740 ίκ
265 2678 320 2759 τής
342 2674 486 2762 γεφύρας
506 2679 661 2756 δέξασθαι
685 2673 920 2761 όπαρόσκεοον,
943 2673 964 2762 ή
983 2673 1060 2759 μετό
1084 2674 1141 2759 τήν
1163 2678 1235 2740 ἐπι.

136 2777 252 2861 δημιάν
274 2780 334 2840 τοῦ
359 2779 522 2885 ἐπιλοίπου
543 2777 778 2865 στρατεύματος
797 2778 876 2861 μετό
900 2783 1043 2858 πλειόνος
1062 2773 1161 2868 τοότιρ
1180 2779 1236 2863 τῆς

204 2931 230 2983 2.
255 2927 383 3000 ἄραντας
400 2929 430 2985 0.

211 3073 389 3143 ,proiectum
408 3091 467 3129 cnm
484 3075 567 3130 multa
586 3085 613 3128 et
630 3077 805 3145 indefatigata
830 3077 964 3145 equitandi
991 3085 1018 3129 et
1034 3077 1148 3145 impetus
1167 3084 1232 3128 arte.

150 3155 240 3216 egatos
258 3147 364 3199 mittens
383 3146 482 3202 Caesar
500 3149 532 3201 de
552 3148 719 3217 pactionibus
747 3162 806 3198 cum
831 3163 863 3199 eo
883 3156 910 3199 et
928 3149 961 3200 de
978 3163 1055 3215 pace,
1071 3155 1101 3198 ut
1119 3160 1232 3214 aequum

139 3226 206 3282 erat,
230 3219 306 3286 egit,
322 3235 410 3288 neque
438 3223 570 3273 tamenin
590 3220 786 3286 pariiortunue
816 3226 914 3270 eventu
943 3226 970 3271 et
987 3233 1050 3270 cusu
1069 3217 1232 3286 legationem

137 3289 248 3354 induxit,
267 3305 356 3357 neque
375 3293 515 3358 generosis
534 3292 671 3361 promissis
691 3298 718 3341 et
734 3291 828 3355 donis,
847 3290 894 3343 sed
915 3296 1049 3342 contemtu
1069 3297 1096 3340 et
1117 3285 1231 3340 consilio

136 3367 234 3412 tautum
253 3375 308 3412 uon
327 3377 439 3429 asperae
459 3370 485 3413 et
503 3363 621 3416 difficilis
640 3363 816 3415 tractationis.
853 3358 1037 3415 sediluselius
1065 3361 1110 3429 qni
1131 3367 1158 3411 et
1176 3358 1231 3410 suis

136 3432 255 3483 nauibus
282 3434 428 3485 confideret
447 3442 474 3485 et
501 3434 626 3487 bellicam
652 3435 842 3504 cogitationem
867 3433 1089 3500 nobilitatemque
1108 3431 1231 3497 spiraret,

136 3516 187 3555 non
204 3506 313 3571 aceepit
331 3504 510 3577 legationem,
537 3509 637 3576 quippe
656 3522 725 3575 quae
751 3507 808 3557 eius
828 3506 882 3558 vim
901 3510 1084 3557 contemneret
1105 3508 1132 3552 et
1149 3501 1234 3550 minas

137 3574 217 3626 ferret
236 3590 326 3643 nequa
345 3576 551 3643 amplecteretur
570 3594 629 3629 eum
648 3578 800 3645 promissis:
820 3585 899 3645 περιτο
919 3577 987 3629 banc
1006 3574 1115 3626 obrem
1133 3568 1234 3623 bellurn

137 3646 255 3714 ubisque
274 3647 401 3698 indictum
421 3655 462 3699 est
480 3649 608 3717 partibus.
628 3649 751 3702 studebat
768 3650 850 3717 igitur
868 3647 966 3702 Caesar
984 3653 1065 3714 ponte
1086 3640 1234 3709 transgredi

139 3724 227 3768 contra
247 3733 325 3768 cunr:
349 3719 476 3771 suadebat
495 3728 583 3773 autern
604 3720 712 3789 collega
732 3720 788 3771 cius
813 3720 918 3786 imperii
942 3723 1015 3787 (erat
1033 3717 1077 3769 hic
1096 3711 1234 3780 lliceplro.

136 3802 180 3839 rus
198 3787 369 3856 curopalates
388 3790 551 3857 Botauiates,
570 3791 648 3843 homo
667 3792 699 3844 ab
719 3790 867 3843 illustribus
886 3790 1013 3842 oriundus
1032 3797 1059 3839 et
1077 3787 1153 3856 quasi
1174 3784 1235 3836 ιικί.

137 3866 186 3909 um
205 3859 307 3911 babens
324 3860 467 3914 militarem
485 3863 671 3927 nobilitatem,
693 3869 720 3914 et
737 3878 816 3913 manu
836 3868 863 3912 et
882 3862 992 3930 iugenio
1010 3859 1132 3912 omnibus
1152 3870 1234 3924 prae-

137 3937 206 3982 stans
228 3939 256 3981 ct
274 3934 413 3998 superior,
434 3943 461 3986 et
479 3937 586 4004 generis
605 3934 748 4001 splendore
778 3941 805 3984 et
821 3946 909 3984 rerum
932 3931 1092 3984 abundantia
1115 3927 1236 3980 inomni

137 4003 239 4052 oriente
261 3999 450 4075 clarissimus),
469 4022 503 4057 ne
527 4005 635 4057 durium
654 4004 789 4066 transiret,
815 4005 862 4056 scd
882 4010 1049 4071 exspectaret
1068 4003 1146 4053 ctiam
1165 3997 1233 4051 reli-

137 4086 213 4139 ρποιπ
234 4075 391 4139 exereitum,
413 4085 555 4146 σιτήσεται
575 4074 710 4129 emolliret
724 4074 860 4127 barbarum
872 4077 1009 4143 promissis
1027 4071 1171 4131 dilatando,
1190 4074 1234 4119 aut

135 4148 329 4214 transgressum
351 4162 385 4198 ex
402 4159 483 4215 ponte
503 4150 641 4214 exciperet
659 4149 824 4212 imparatum,
842 4156 888 4199 aut
906 4146 1117 4215 postadveutum
1136 4137 1234 4205 reliqui

135 4215 269 4269 exercitus
287 4218 390 4270 maiore
410 4235 468 4272 enm
488 4226 615 4287 apparatu
634 4217 696 4270 huic
709 4217 859 4271 obveniret.
895 4220 919 4271 is
938 4225 1024 4271 autem
1043 4212 1167 4281 neglecto
1181 4207 1233 4258 boc

717 4406 731 4441 θ
