3182 4986
598 297 808 379 HISTORIA.
1191 298 1246 377 ‘lb'

141 472 230 558 edepl
255 474 388 553 βασιλεῖ
417 469 542 554 γέγονεν
570 470 617 549 Ιτός
649 471 764 555 μερικὴ
791 495 838 548 τις
866 467 1041 554 δυσβουλίσ
1065 470 1120 557 καί
1148 475 1245 538 συνέ-

139 577 249 649 λευσις
278 570 473 654 συνετάραξε
511 568 546 635 τό
588 571 745 657 duriaco»,
773 574 850 656 οόχί
884 571 1026 657 συνδηκη
1065 572 1153 657 κοινὴ
1190 578 1245 640 καί

141 676 328 758 σαγκίνησις
355 671 571 754 ἐξεπολέμωσε
597 678 726 755 τούτου,
759 674 815 739 καί
836 675 978 759 θάρσους
997 673 1246 759 ἐνεπλήσθησαν,

48 818 50 863 ,
140 775 188 848 τίς
209 771 348 857 ἔρευναν
368 770 468 849 aalide
492 776 640 858 διανέστη
662 778 718 838 καί
744 776 808 839 τάν
827 779 1064 860 τετολμημένων
1088 776 1247 859 ἐκδίκησιν

118 872 157 937 δυ’
180 877 321 956 κρατεῖν.
372 875 426 937 καί
456 876 528 938 έπεί
548 861 660 961 iubata
686 875 745 937 ούκ
769 877 843 959 ένῆν
870 871 945 949 τούς
973 871 1126 940 τοσούτου
1148 878 1247 938 κιικού

139 972 371 1057 προστεργάτσς
391 975 446 1039 καί
464 973 662 1051 στασιαστὰς
684 979 739 1040 καί
758 975 970 1059 συνίστορας,
995 967 1107 1059 ἤγοντο
1127 969 1248 1041 τούτων

142 1075 283 1156 συχνοί,
310 1078 367 1139 καί
391 1073 616 1150 καθοσιάσευς
644 1078 689 1150 εἰς
719 1079 853 1157 βασιλέα
877 1079 1055 1160 φερομένης
1077 1078 1247 1156 ἐκρίνοντο.

140 1178 201 1237 καί
223 1164 254 1238 ol
275 1176 335 1255 μέν
357 1172 499 1257 εἱρκταῖς
522 1175 700 1259 δημοσίαις,
724 1172 753 1240 οἱ
777 1177 813 1239 ‹tt
831 1177 995 1255 α’μειδέσιν
1010 1175 1159 1249 οίκίσκοις
1180 1173 1249 1239 έδί-

142 1277 250 1341 δοντο.
295 1266 386 1338 ἄλλοι
409 1277 445 1339 δέ
465 1271 586 1339 τούτων
609 1275 666 1341 τόν
688 1273 826 1341 θάνατον
849 1278 989 1341 έκκλῑναι
1010 1272 1250 1356 σπουδάζοντες,

101 1374 359 1458 ιθύποσχέσεσιν
380 1372 564 1457 ἐλευθερίοις
586 1374 775 1461 σαινόμενοι,
806 1375 994 1461 προεδίδουν
1014 1370 1151 1459 ἑτέρους.
1194 1376 1250 1441 κοί

142 1476 219 1541 καθ’
251 1468 388 1560 ἑκάστην
418 1474 691 1559 συνελαμβάνοντο
721 1479 852 1561 συχνοί,
880 1475 937 1540 καί
963 1475 1063 1562 φόβος
1084 1470 1152 1559 εἶχε
1173 1472 1249 1550 τούς

143 1581 314 1651 πλείστους
335 1576 387 1640 l'so
408 1575 452 1661 μὴ
474 1581 686 1663 συλληφθοόσι
703 1575 981 1664 κατηγορούμενον.
1024 1580 1103 1652 τέως
1123 1578 1160 1640 δέ
1178 1600 1246 1658 μα-

141 1681 301 1759 στιγώσας
322 1674 446 1742 τούτων
467 1678 556 1752 τινάς
582 1677 599 1740 ό
622 1682 758 1760 κρατῶν,
781 1676 838 1743 καί
859 1679 905 1754 είς
926 1680 996 1762 φάς
1017 1675 1094 1754 τούς
1114 1675 1248 1759 έπιβού-

145 1784 220 1854 λοος
242 1777 434 1861 προαγαγάν
455 1779 531 1843 ου’δέ
549 1780 623 1861 πρίν
643 1777 874 1862 ἀγνοουμένους
897 1776 951 1844 διό
972 1779 1005 1844 τό
1019 1779 1192 1861 έκραγῖγναι
1211 1774 1248 1841 τά

99 1901 133 1953 15
146 1877 374 1959 μελετώμενον,
399 1882 484 1967 φυγῇ
507 1877 639 1954 τούτους
660 1882 715 1944 καί
738 1881 893 1963 δημεύσει
913 1880 1164 1964 προσεζημίοοστ,
1184 1901 1250 1961 μη-

147 1984 222 2047 δένα
246 1982 289 2044 δι’
313 1978 446 2062 πόματος
467 1979 713 2065 τιμωρήσασθαι
738 1982 970 2064 α’νσσχόμενος,
1004 1979 1074 2044 ἄλλ’
1095 1977 1249 2063 τύτγύγοτς

144 2081 206 2163 την
228 2083 399 2165 παροινίαν
432 2080 486 2144 καί
511 2081 725 2165 μετριώτερον
755 2078 897 2163 όνεγκοόν.
941 2076 1001 2163 πρό
1026 2082 1062 2144 δέ
1083 2074 1248 2145 πάντωνό

143 2182 310 2266 είρημένος
327 2176 479 2266 ἔπαρχος,
501 2179 683 2257 συνειδότος
704 2178 929 2265 κατηγορηθείς
943 2179 998 2243 καί
1016 2182 1148 2262 κριθείς,
1169 2173 1248 2242 alna.

144 2285 238 2369 ρορίρ
261 2282 316 2344 καί
329 2281 477 2364 δημεύσει
497 2280 579 2345 κατά
595 2280 652 2364 την
674 2278 775 2365 αύτην
796 2280 918 2364 ἡμέραν
933 2284 990 2363 τῆς
1002 2280 1148 2360 ταραχῆς
1169 2273 1247 2342 άπι-

94 2380 267 2466 εοβλήθη,
299 2379 409 2445 alocale
436 2384 497 2463 μέν
516 2382 560 2458 είς
588 2381 632 2463 ,τά
652 2386 800 2465 βασιλτισ
830 2374 874 2456 σός
896 2405 927 2445 τι
948 2382 1010 2445 τεάν
1031 2379 1167 2443 δεόντων
1188 2401 1249 2441 κα·

145 2480 317 2566 παρβατός
340 2483 395 2548 καί
412 2480 448 2549 τό
471 2484 643 2566 στασιάζον
674 2480 893 2565 κατευνακιάς,
922 2482 1115 2570 άφαιρεθείς
1136 2481 1172 2543 δὲ
1192 2478 1248 2562 τὴν

135 2578 252 2701 ,ζάνην
274 2585 331 2648 καί
357 2582 395 2648 τά
424 2582 600 2671 παράσημα
629 2590 686 2652 καί
711 2585 899 2671 κατάκριτος
928 2580 1174 2670 άπροσδοκητοος
1195 2601 1249 2665 γε·

146 2704 288 2765 νομτνος.

217 2819 243 2871 3.
264 2819 367 2877 rotro?
473 2823 498 2873 5.
521 2819 677 2882 τοσούτους
696 2821 725 2877 G.

146 2942 219 2992 banc
238 2947 339 2992 aestum
358 2948 386 2993 et
405 2943 511 2995 omuino
530 2959 685 3011 persuasum
705 2954 746 2998 est
762 2944 846 3015 regiis
865 2954 893 2998 et
909 2947 968 3016 regi
984 2947 1047 3015 ipsi,
1065 2945 1148 3012 partis
1161 2957 1247 3012 quan·

145 3014 206 3064 dam
224 3011 440 3065 malevolentiam
460 3024 487 3066 et
507 3017 730 3083 conspirationem
747 3017 869 3069 turbasse
894 3019 1039 3080 subiectos,
1068 3030 1156 3087 neque
1182 3027 1247 3067 reso

145 3084 300 3149 pactionem
319 3099 485 3136 commanem
505 3094 531 3137 et
550 3090 760 3139 coniurationem
784 3088 853 3139 bunc
871 3089 945 3140 bello
964 3088 1121 3150 induxisse,
1142 3092 1169 3133 et
1186 3087 1247 3135 ani.

143 3170 187 3205 mo
207 3152 311 3220 impleti
330 3163 400 3218 sunt,
420 3157 451 3208 ad
471 3159 671 3226 inquisitionem
691 3161 777 3210 statim
797 3161 912 3210 surrexit
931 3166 958 3209 et
976 3160 1142 3223 inceptorum
1163 3152 1247 3205 uitio.

143 3241 204 3276 nent
222 3226 376 3291 imperator.
414 3236 494 3301 atque
514 3246 572 3280 cum
590 3244 644 3281 non
664 3230 748 3281 latere
767 3238 878 3296 possent
897 3230 961 3280 taun'
981 3227 1042 3279 mali
1068 3234 1192 3278 auctores
1219 3232 1246 3276 et

143 3296 266 3346 seditiosi
286 3304 313 3346 et
332 3299 443 3361 conscii,
462 3301 730 3367 deprehendebantur
748 3300 841 3351 borum
867 3300 941 3351 multi
970 3308 996 3349 et
1021 3298 1189 3349 dedicatione
1213 3297 1245 3349 ad

143 3382 236 3435 regern
258 3366 310 3419 lata
328 3369 520 3434 indicabantur,
539 3381 622 3440 atque
634 3373 688 3431 ‚atti
708 3373 814 3440 quidem
836 3371 951 3422 vinculis
962 3369 1086 3438 publicis,
1097 3369 1143 3420 alii
1159 3367 1245 3419 tristi.

143 3439 193 3490 bns
211 3439 343 3490 aediliciis
364 3441 543 3506 tradebantur,
563 3443 612 3493 aiii
631 3451 720 3494 autem
739 3442 833 3495 borum
855 3452 964 3495 mortem
985 3443 1086 3493 evitare
1112 3440 1247 3491 studentes

143 3510 281 3576 promissis
306 3508 438 3563 libertatis
468 3514 563 3564 molliti
593 3514 742 3580 prodebant
759 3516 848 3578 alios,
881 3523 908 3565 et
931 3512 1050 3581 quotidie
1075 3510 1248 3579 capiebantur

142 3579 231 3642 reniti,
263 3589 290 3632 et
308 3590 392 3633 metus
412 3583 520 3635 tenebat
538 3585 678 3651 plurimos,
699 3601 733 3636 ne
752 3595 910 3654 caperentur
937 3583 1063 3636 accusati.
1108 3591 1247 3650 postquam

142 3660 231 3701 antem
258 3666 307 3717 per
325 3660 428 3720 tempus
445 3654 555 3721 aliquod
579 3657 722 3724 castigavit
740 3661 832 3710 borum
848 3656 977 3723 quosdam
1006 3657 1150 3721 imperator
1175 3654 1247 3704 etin

142 3722 231 3774 lacem
255 3724 411 3776 insidiantes
440 3731 581 3796 produxit,
600 3742 666 3797 qnos
692 3744 726 3779 ne
751 3737 830 3780 antea
855 3726 959 3793 quidem
992 3727 1164 3794 ignoraverat
1188 3740 1246 3777 cum

142 3793 285 3845 consilium
310 3800 492 3863 prorupisset,
521 3800 617 3852 exsilio
641 3798 690 3850 bos
719 3808 745 3850 et
769 3798 950 3865 publicatione
972 3799 1091 3863 punivit,
1115 3800 1247 3849 neminem

141 3865 274 3932 sanguine
293 3881 324 3916 se
342 3869 493 3931 puniturum
514 3871 662 3937 pollicitus,
680 3871 726 3925 sed
746 3884 880 3937 generose
900 3870 1021 3920 iniuriam
1042 3877 1068 3920 et
1086 3871 1247 3921 moderatius

141 3938 243 3988 leccat-
287 3938 357 3989 bute
388 3953 479 4010 omnes
513 3951 600 3994 autem
629 3949 848 3993 commemoratus
880 3941 1032 4008 praelectus
1066 3942 1247 3993 conscientiae

140 4016 283 4060 aewestan
298 4018 324 4060 et
343 4013 478 4067 damnatus
499 4016 572 4067 exiiii
593 4026 619 4067 et
638 4014 825 4078 publicationis
845 4014 937 4064 eodem
956 4014 1000 4063 die
1019 4015 1111 4065 turbae
1125 4014 1247 4063 inductus

140 4087 190 4141 etl,
209 4082 351 4149 lagaeam
371 4086 397 4135 iu
417 4089 529 4156 regiam,
551 4090 626 4157 quasi
652 4085 752 4152 aliquid
767 4086 979 4137 necessariorum
997 4086 1065 4136 bene
1086 4086 1195 4135 iecisset
1221 4088 1248 4129 ct

140 4154 303 4207 seditionem
331 4160 541 4224 composuisset,
575 4161 693 4229 privatus
728 4164 815 4208 autem
848 4154 957 4226 cingulo
992 4164 1019 4210 et
1046 4153 1194 4223 insignibat
1221 4156 1248 4201 ei

138 4224 281 4277 &mnatre
300 4236 408 4293 praeter
427 4234 653 4298 exspectationem
682 4230 776 4282 lactus.
