3182 4986
602 334 810 419 urrunnu.
1201 332 1251 407 ου
1291 314 1299 325 “

145 491 342 578 ἀπρόθυμον
372 497 414 581 τῇ
435 499 493 558 τοῦ
521 498 733 578 ὀψωνιασμοῦ
756 484 940 582 ὑπερήσει,
963 498 1062 564 εἰπεῖν
1081 500 1119 565 dd
1140 502 1195 565 καί
1213 497 1249 564 τὸ

145 593 294 658 κάκιστον
307 598 415 677 μόρος,
435 591 479 672 άς
500 600 561 661 τάν
583 599 768 678 κρειττόνων
784 599 1049 679 ἀπελαυνομένων
1070 604 1126 685 τής
1148 624 1250 686 στρα-

144 695 233 769 ττιοῖς
257 692 311 756 διά
331 693 365 758 τά
387 696 532 775 μείζονος
552 693 720 778 τυγχάνειν
743 698 877 779 βαθμοῦ
897 721 930 761 τε
953 698 1009 764 καί
1024 702 1276 784 emmerammum.
1296 717 1347 775 182
1363 734 1392 774 r.

145 790 377 874 τιατογνιάσεως
408 793 465 858 οάκ
487 795 571 878 άπήν
600 795 636 860 τὸ
663 795 847 879 γενόμενον,
870 799 1006 882 μηδενὸς
1026 803 1173 882 γενναίου
1192 826 1249 866 κα·
1335 812 1342 819 “

119 896 387 975 δτορθουμίνου,
423 894 477 958 καί
502 898 557 978 τῆς
582 894 758 980 Ῥωμαϊκῆς
789 901 863 962 ποτὲ
895 903 1168 980 μεγαλοπρεπῶς
1196 903 1252 965 καί

145 990 261 1074 ι’σχάος
287 993 451 1078 α’νάλογον.
504 998 537 1075 ἐξ
558 987 597 1058 οὗ
627 1001 792 1078 συνέβαινε
820 994 895 1074 τοάς
917 1000 978 1077 μὲν
992 993 1171 1078 Ῥωμαίους
1191 1001 1252 1063 δυ-

144 1096 286 1158 σπσθεῖτ
297 1097 353 1160 καί
365 1096 635 1183 καταπληκτικοάς
653 1092 802 1180 ήγεῖοθοι
822 1096 896 1173 τούς
916 1100 1075 1174 ἐναντίους
1095 1098 1151 1163 καί
1168 1100 1251 1183 μηδὲ

145 1191 260 1277 φωνήν
281 1190 451 1275 άπομίνειν
473 1197 599 1275 adrev,
623 1199 761 1272 ίκείνους
792 1198 828 1263 dt
850 1193 1084 1283 ίνπβράνεσθαι
1104 1203 1159 1264 καί
1179 1200 1251 1285 alya-

145 1299 268 1375 ρωγελν
304 1296 359 1358 καί
382 1296 463 1373 μετά
500 1301 616 1380 πολλής
648 1300 913 1383 προσρήγνυσθαι
942 1297 1178 1385 πεποιθήσεως,
1207 1300 1252 1375 τίς

100 1394 229 1475 λυπρὸς
250 1392 449 1479 ήσσηθέντιις
470 1396 619 1473 πολλάκις
641 1403 849 1480 ποιουμένους
879 1400 937 1465 τάν
964 1401 1111 1482 πόλεμον.
1156 1403 1189 1479 ἐξ
1211 1391 1249 1465 οὗ

144 1499 207 1558 κατ’
223 1519 255 1559 τι
274 1498 456 1581 συνηνέχθη
487 1500 753 1581 παραλογώτατον
774 1498 830 1563 καί
858 1501 915 1563 ουίι
936 1498 1028 1565 άνίον
1049 1501 1148 1581 μόνον
1162 1499 1250 1588 uiuri·

145 1617 241 1679 ρητον
252 1595 337 1661 dati
357 1602 412 1662 καί
424 1604 478 1681 τῆς
494 1596 673 1683 Ῥωμαϊκῆς
694 1603 894 1681 ἐπικρατείας
907 1601 1061 1687 ἐπιφλρον
1079 1597 1252 1669 ἐλάττωσιν

147 1696 330 1779 κατ’ίσχάος
349 1697 497 1784 μεγίστης
520 1699 705 1785 ἀφαίρεσιν.

253 1795 298 1860 Τά
316 1796 437 1863 Ἀννίου
471 1796 561 1875 πόλις
585 1802 656 1864 ίστί
681 1798 802 1888 μεγάλη
833 1804 889 1869 καί
916 1805 1178 1887 πολυάνθρωπος,
1198 1803 1255 1870 καί

101 1896 354 1980 ιδπανταχάθεν
375 1899 512 1984 τάφροις
532 1904 572 1964 ου’
591 1902 824 1985 χειροποιήτοις
847 1901 930 1968 α’λλά
954 1910 1105 1990 φυσικαῖς
1127 1903 1252 1970 κοιλάσι

145 2000 203 2063 καί
214 1997 449 2076 ιίδιεξοδεάτοις
463 2002 518 2065 καί
528 2003 658 2082 πέτραις
672 2001 845 2083 α’ποτάμοις
860 2007 1183 2088 συμπεριειλημμένη,
1198 2005 1255 2069 κοί

144 2100 281 2187 ποταμῷ
298 2102 459 2191 βαθυδίνης
479 2104 536 2167 καί
549 2102 659 2190 α’βάτιρ
676 2106 909 2191 περιεζωσμένη
926 2102 962 2168 τά
971 2108 1069 2187 μέρος
1082 2107 1156 2170 καθ’
1177 2098 1251 2186 ὅπερ

142 2200 329 2282 σ’πορριὸγες
341 2204 397 2264 καί
416 2198 577 2285 φάραγγες
589 2202 804 2267 ἐπιλείπουσι·
828 2203 884 2268 καί
899 2201 1026 2287 βραχύς
1039 2207 1107 2270 εστι
1119 2203 1213 2280 τόπος
1235 2203 1252 2268 ὅ

143 2299 206 2375 τάς
220 2300 389 2383 ίμφάιλους
399 2298 483 2384 ἔχων
493 2307 548 2387 τῆς
562 2300 693 2382 πόλεως,
713 2306 768 2367 καί
787 2296 881 2378 οὗτος
897 2301 1067 2387 μιτεάροις
1082 2308 1137 2369 καί
1156 2307 1251 2386 ίσχυ.

95 2407 215 2482 τυροῖς
232 2398 463 2483 κατιοχάρωται
487 2403 614 2486 τείχεσι.
668 2403 788 2487 ιαάτην
817 2403 834 2468 δ
866 2407 923 2488 τῆς
950 2404 1100 2484 αἲοιδίμοο
1135 2402 1251 2487 λήξεως

143 2498 300 2582 βασιλεὺς
321 2499 549 2585 ὁΜονεμάγος
565 2503 731 2593 άξιομάχιρ
752 2502 909 2589 πρότερον
927 2490 1063 2593 στρατιᾷ
1083 2498 1251 2587 παραστή-

142 2603 273 2665 σασθαι
295 2600 565 2685 διαγωνισάμενος
585 2603 642 2669 οὔκ
662 2600 824 2690 η’δυνήθη·
873 2603 1048 2691 συνθήκαις
1064 2606 1100 2671 δὲ
1120 2605 1176 2670 καί
1194 2626 1251 2688 με·

219 2788 246 2841 6.
267 2785 423 2861 dretturer
442 2790 471 2845 G.

145 2944 218 2995 citae
243 2958 296 2994 uun
321 2953 378 2997 erat
404 2951 479 2999 extra
502 2946 642 3010 rationem,
670 2947 740 3013 quod
765 2956 853 3000 autem
870 2947 957 2999 nudae
977 2955 1003 2999 et
1020 2947 1121 3000 inritus
1140 2955 1250 3015 propter

144 3022 311 3067 eommeataa
330 3015 478 3079 delectam,
500 3018 588 3083 poeria
613 3017 692 3068 etiarn
711 3018 818 3082 dicere,
838 3019 908 3086 quud
932 3019 1048 3086 pentima
1072 3025 1145 3070 earet
1168 3034 1249 3085 ρινι,

144 3102 209 3137 enar
229 3086 355 3137 lentiores
372 3086 541 3138 discederent
559 3089 693 3151 exercitu,
714 3090 776 3157 qnia
794 3090 920 3140 maiorem
941 3088 1155 3156 adipiscebantur
1185 3103 1249 3156 gru.

143 3159 209 3209 dnm
229 3165 257 3208 et
275 3165 457 3221 eummeatum,
479 3160 677 3225 vituperatione
695 3175 748 3211 uun
769 3160 877 3211 carebat
895 3160 1001 3222 lactum,
1022 3158 1097 3211 uulla
1114 3157 1200 3209 nobili
1218 3174 1249 3210 re

145 3237 274 3296 peraeta,
301 3238 328 3280 et
351 3243 366 3279 a
390 3229 491 3281 Graeca
516 3231 627 3297 pristina
646 3231 842 3299 magnificentia
862 3239 889 3280 et
904 3229 1002 3282 rubore
1021 3229 1150 3280 absonum
1170 3237 1247 3293 erat,

144 3316 200 3369 qna
218 3316 253 3351 ex
270 3316 301 3351 re
318 3300 425 3363 accidit,
444 3307 474 3351 ut
493 3301 586 3353 Graeci
612 3311 775 3370 ungerentur
799 3310 825 3352 et
852 3300 987 3357 terribiles
1013 3307 1138 3367 putarent
1157 3299 1248 3351 hortea

142 3382 227 3440 atque
245 3386 280 3422 ne
302 3386 397 3423 rocem
425 3371 530 3439 quidem
556 3388 647 3424 eurum
676 3376 853 3436 sustinerent,
880 3371 921 3423 illi
949 3379 1036 3423 antem
1060 3385 1090 3421 ae
1117 3371 1249 3423 lactarent

143 3453 172 3495 et
194 3443 413 3510 superbientem
436 3449 463 3493 et
486 3443 568 3494 malta
594 3460 652 3495 cum
675 3446 771 3496 fiducia
795 3443 1005 3513 aggrederentur
1030 3450 1060 3495 nt
1085 3449 1176 3493 centra
1202 3442 1247 3493 vi-

144 3524 204 3566 τιοτ
227 3529 310 3580 saepe
328 3521 452 3581 gerentur
471 3512 580 3579 bellum,
603 3530 654 3583 qua
675 3532 708 3567 ex
734 3533 764 3568 re
785 3517 863 3567 eliam
882 3513 983 3582 aliquid
1003 3512 1115 3579 contigit
1133 3513 1246 3563 maxime

143 3588 377 3652 inexspectatum,
411 3592 437 3635 et
464 3585 535 3652 quod
560 3601 612 3636 uon
645 3586 730 3638 nolum
756 3585 949 3655 aegritudinem
974 3581 1172 3637 intolerabilem
1199 3582 1248 3635 aed

143 3659 227 3707 etiarn
245 3656 341 3708 Graeci
360 3655 524 3724 principatur
542 3658 651 3710 allerret
668 3659 875 3710 deminutionem
896 3663 924 3705 et
939 3653 1042 3707 roboria
1060 3655 1165 3707 maximi
1188 3655 1247 3722 pri.

142 3729 291 3779 rationem.

245 3816 361 3868 Annium
379 3815 442 3867 urba
462 3824 503 3867 est
519 3832 613 3884 magna
633 3826 660 3868 et
679 3817 813 3868 hominnm
838 3813 972 3865 abundans
1000 3822 1027 3865 et
1053 3813 1169 3883 undique
1189 3815 1247 3867 lea.

141 3888 181 3939 ria
199 3901 255 3938 nun
272 3901 352 3938 mana
379 3888 457 3939 iactis
485 3888 530 3939 aed
558 3887 722 3939 naturalibus
750 3885 866 3939 vallibus
892 3893 918 3935 et
944 3887 1016 3937 exitu
1041 3886 1193 3939 carentibus
1221 3894 1248 3938 et
1272 3904 1276 3911 ·

141 3957 256 4026 rupibus
275 3960 426 4025 praeruptia
445 3960 605 4011 circumdata
624 3967 650 4009 et
672 3958 754 4010 lluviu
773 3957 906 4023 profundo
926 3965 953 4008 et
970 3958 1109 4010 inaccenao
1129 3961 1246 4009 circum.

142 4030 281 4082 πλουτεῖν
302 4043 332 4079 ea
353 4037 437 4096 parte,
457 4028 503 4080 nbi
523 4045 604 4097 rupee
624 4039 650 4082 et
674 4027 762 4080 vallea
783 4028 927 4093 deliciunt,
952 4037 980 4081 et
1001 4028 1091 4081 brevia
1111 4036 1152 4079 ert
1170 4027 1247 4079 locut

141 4103 324 4154 circumlitam
344 4100 414 4151 viam
430 4103 570 4153 continens
587 4099 678 4164 urbia,
698 4108 777 4168 atque
796 4098 841 4150 hic
863 4101 952 4151 ardnia
979 4109 1007 4152 et
1030 4100 1110 4155 firmia
1131 4100 1247 4150 llrmatut

141 4182 183 4225 eat
208 4173 303 4225 muria.
342 4170 410 4223 hane
429 4171 520 4224 urbem
545 4169 695 4222 celebratae
720 4171 812 4223 mortis
836 4187 884 4223 rex
910 4171 1098 4225 lienumaclme
1132 4166 1246 4236 pugnaci

140 4254 222 4299 antea
243 4242 367 4296 exercita
390 4244 526 4296 subiicere
544 4242 708 4295 contendens
728 4256 782 4295 non
810 4244 906 4311 ροιιιΙι,
928 4242 1094 4310 ρτοείοοίλνοι
1113 4246 1200 4290 πολιαι
1219 4244 1247 4289 et
