3182 4986
315 232 386 315 rot
430 340 440 346 .
616 244 833 317 urcnsnus
862 243 1125 315 smsmouun
1187 265 1193 276 ¹

314 414 443 500 νὴμάοι,
463 416 518 505 τῆς
540 419 576 481 δέ
600 415 744 493 νεολαίας
760 418 1013 501 ἀπειροπολέμωνΙ
1034 414 1267 501 καθεστηκάιας
1286 417 1341 479 κατ’
1364 420 1428 478 τοῦ

315 523 453 600 πολέμου
481 519 695 600 μαχιμώτατα
726 518 781 584 κατ’
809 519 871 583 τῶν
901 521 1080 599 πολεμικῶν
1113 518 1266 581 κινδύνων
1300 514 1426 589 ἐθάδας

315 616 389 694 τοδς
412 618 691 702 ἀντιτεταγμένους
713 621 767 685 καί
788 618 1023 702 ἀντιβαίνοντας
1046 618 1194 703 ἐχούσης.
1276 659 1281 666 -

412 717 508 785 Ἀλλά
530 719 732 801 τὸνβασιλέα
748 718 784 786 τά
807 724 951 786 τοιοῦτον
968 723 1159 803 συγκύρημα
1181 720 1221 782 ου’
1239 722 1424 803 κατέπληξ.

316 823 499 888 τοάναντέον
524 823 559 885 δὲ
581 825 702 903 μᾶλλον
724 823 795 899 τοδς
809 825 970 900 ἐναντίους
990 820 1008 906 ἦ
1033 815 1141 903 ἀθρόα
1164 818 1274 886 τούτου
1295 818 1376 904 ὁρμή
1390 823 1452 884 τε5

317 925 373 988 καί
393 920 518 1007 ἔφοδος,
541 923 717 1005 οἰηθέντας,
740 916 844 1005 ὥσπερ
869 919 1002 1004 ἀστορον
1021 922 1263 1003 μεμαθήκαμεν,
1285 917 1334 983 δτι
1354 942 1425 981 κιν-

317 1022 421 1088 δάναν
444 1014 536 1100 οὗτος
558 1016 763 1108 δάνθρωπος
785 1023 901 1088 οέδένα
924 1022 1012 1106 λόγον
1026 1025 1203 1105 πεποίηται,
1228 1021 1296 1084 ἀλλ’
1308 1015 1426 1101 Ἀρεός

316 1128 385 1190 ἐστι
410 1123 570 1209 φοιτητὴς,
589 1126 645 1188 κατ’
668 1120 884 1208 καινοποιησιι
912 1122 949 1188 τά
967 1123 1150 1203 Ῥωμαίων,
1174 1124 1228 1188 κατ’
1248 1117 1426 1205 ἀντισηκοά-

317 1247 367 1287 oss
390 1233 454 1299 τοῖς
475 1226 605 1308 ἐχθροῖς
625 1222 665 1289 τά
688 1226 848 1308 ἐπίχειρα.
891 1221 945 1288 διά
969 1221 1147 1288 ταῦτακαὶ
1169 1221 1186 1286 δ
1206 1223 1266 1303 μὲν
1283 1217 1426 1285 σουλτά-

320 1347 371 1398 νος
394 1322 630 1409 α’πισθόρμητος
659 1326 786 1408 γέγονε,
806 1310 923 1409 μοῖραν
956 1326 991 1389 δέ
1012 1347 1081 1389 τινα
1101 1322 1242 1407 μεγάλην
1262 1321 1477 1401 ἀποτεμά-ῑθ

317 1522 465 1598 πεδεάειν
487 1527 663 1612 πεποίηται,
684 1524 740 1611 την
762 1530 822 1609 μὲν
836 1531 1038 1610 βορειοτέραν
1055 1528 1112 1608 την
1134 1526 1169 1588 δὲ
1191 1523 1265 1606 περὶ
1282 1521 1320 1587 τά
1335 1522 1428 1586 νότια

320 1628 460 1704 θέμενος.
518 1620 533 1686 ἐ
559 1627 594 1689 δέ
613 1626 764 1707 βασιλεὺς
794 1627 968 1707 κατάλογον
996 1621 1226 1708 στρατιωτικὸν
1249 1620 1428 1707 ποιησάμε-

320 1747 394 1803 νος,
428 1725 484 1788 καί
504 1726 538 1788 ἐκ
560 1726 663 1809 πάσης
682 1727 790 1812 χώρας
813 1728 869 1790 κατ’
901 1726 1018 1802 πόλεως
1042 1726 1170 1809 νεότητα
1197 1724 1430 1805 συλλεξάμενος

320 1822 375 1888 κατ’
396 1824 555 1907 ἀξιώμασι
572 1829 626 1890 κατ’
642 1829 756 1911 δώροις
775 1828 1000 1913 ἀναθαρρῆσαι
1017 1829 1205 1911 πεποιηκώς,
1228 1827 1283 1889 καί
1294 1825 1336 1888 δι’
1357 1823 1431 1889 δλέ-
1442 1836 1478 1887 15

320 1949 377 2009 γον
399 1923 452 1990 τὸν
480 1928 618 2009 ἀριθμὸν
653 1929 714 1993 τῶν
735 1928 901 2012 ταγμάτων
923 1926 1176 2013 ἀναπληρώσας,
1197 1930 1252 1991 κατ’
1272 1924 1430 2009 λοχαγοδς

321 2024 397 2104 τούς
420 2027 570 2111 ἀρίστους
590 2025 712 2117 ἑκάστην
733 2030 854 2094 τούτων
873 2034 1029 2110 ἐπιμελῶς
1049 2032 1322 2114 προστησάμενος,
1344 2050 1430 2106 συμ-

322 2131 416 2209 μίξας
439 2129 542 2194 ussat
562 2139 628 2206 τοῖς
651 2128 715 2193 ἀπὸ
739 2134 795 2213 τῆς
813 2126 948 2213 ἑσπέρας
970 2128 1131 2210 ἐλθοῦσιν,
1154 2132 1187 2194 ἐν
1209 2127 1303 2217 ὀλίγῳ
1322 2129 1431 2214 χρόνῳ

324 2228 476 2313 στρατιάν
506 2231 682 2314 ἀξιόμαχον
714 2229 949 2312 κατεπράξατο,
970 2233 1024 2294 κατ’
1052 2230 1133 2312 μετά
1155 2226 1309 2312 τοοαάτης
1331 2226 1431 2291 δονά-

323 2356 409 2413 μεως
438 2332 492 2396 ἐπί
513 2338 650 2418 Πέρσας
671 2332 956 2415 ἐπιοτατικάτερσν
989 2323 1133 2414 ἤλαυνεν.
1185 2330 1228 2405 ὥς
1258 2332 1293 2393 δέ
1314 2327 1348 2394 τὸ
1369 2333 1481 2411 pio-w

324 2430 484 2517 ρειάτερον
506 2432 719 2520 στρατόπεδον
741 2437 803 2498 τῶν
827 2437 984 2516 Περσῶν,
1006 2431 1164 2515 ἐκδρομήν
1184 2455 1255 2495 τινα
1277 2429 1432 2514 πρότερον

325 2535 506 2618 φαντάοαν,
534 2534 630 2613 δόξαν
659 2535 866 2621 ὑποχωρῆσαι
896 2535 930 2598 ἐκ
949 2537 1005 2619 τῆς
1024 2536 1081 2598 τοῦ
1100 2535 1256 2614 βασιλέως
1290 2528 1431 2616 προόδου

396 2707 423 2758 2.
441 2720 475 2757 an
489 2705 731 2779 μαχιαατάτουτλ

328 2870 354 2912 et
372 2859 522 2913 artificiosis
542 2876 576 2912 ex
593 2862 669 2930 equis
695 2860 820 2927 motibus,
847 2864 971 2916 iuventus
988 2870 1075 2917 antem
1102 2860 1169 2915 belli
1186 2861 1281 2930 ignara
1304 2869 1376 2914 estet
1403 2871 1432 2914 et

325 2929 410 3056 {spelloh
428 2939 456 3054 ep
473 2928 579 2984 bellicis
598 2931 727 3001 periculis
753 2942 874 2987 assuetos
894 2943 920 2987 et
947 2934 1158 3004 pugnacissimos
1183 2933 1295 2985 baberet
1317 2935 1431 3001 opposi-

355 3019 368 3055 s
412 3017 441 3055 os
455 3018 492 3056 es.

427 3092 478 3145 Sed
497 3107 588 3160 regens
607 3092 669 3146 talis
689 3110 766 3149 casus
782 3110 836 3147 non
855 3096 969 3159 terruit,
996 3103 1089 3146 contra
1114 3095 1198 3163 magis
1223 3093 1315 3147 hostes
1333 3094 1431 3146 terruit

326 3165 448 3216 assiduus
467 3163 546 3216 buius
565 3165 679 3233 impetus
702 3176 729 3219 et
746 3168 883 3231 incursio,
897 3165 901 3171 ’
913 3182 971 3217 cum
990 3174 1134 3232 putarent,
1154 3174 1184 3217 ut
1206 3175 1300 3233 postea
1316 3168 1430 3233 aceepi-

327 3252 402 3299 mus,
421 3235 601 3303 periculorum
620 3238 691 3290 hune
711 3238 844 3291 hominem
862 3238 962 3292 nullam
984 3238 1082 3291 babere
1100 3239 1251 3303 rationem,
1271 3235 1326 3290 ταδ’
1345 3236 1430 3290 belli.

328 3323 418 3359 rosum
439 3322 498 3359 esse
516 3309 644 3361 aduenam
664 3316 691 3360 ct
710 3319 869 3363 novaturum
889 3326 931 3362 res
953 3308 1068 3362 Graecas
1091 3316 1118 3359 et
1138 3317 1312 3376 aequaturum
1342 3309 1430 3360 bosti.

329 3379 377 3431 bus
396 3393 505 3445 poenas.
525 3388 668 3448 propterea
689 3382 767 3431 otiam
788 3381 908 3434 snitanns
925 3382 1031 3450 quidem
1049 3388 1121 3432 retro
1148 3381 1303 3445 contendit,
1328 3389 1430 3449 partem

330 3458 416 3501 autern
436 3450 565 3519 quandam
583 3467 704 3520 magnam
722 3452 880 3506 abscindens
891 3460 919 3504 et
937 3453 1004 3504 banc
1023 3451 1144 3504 bifariam
1163 3453 1286 3504 dividens
1304 3453 1331 3503 in
1347 3468 1431 3519 supe.

331 3523 427 3572 riorem
445 3522 535 3575 Asiam
554 3524 688 3590 proficisci
708 3525 804 3589 iussit,
820 3524 929 3576 alteram
949 3525 975 3575 in
995 3522 1259 3590 septentrionaiibus‚
1278 3523 1388 3575 aiteram
1405 3523 1430 3572 in

330 3592 489 3644 australibus
514 3596 679 3647 constituens
706 3595 872 3664 regionibus.
910 3612 962 3647 rou
984 3605 1071 3647 autern
1096 3594 1228 3647 deiectum
1247 3595 1360 3646 militum
1387 3596 1430 3645 in-

329 3665 443 3714 stituens
465 3672 491 3714 et
511 3668 633 3718 exomni
654 3675 725 3720 terra
744 3676 771 3720 et
788 3668 854 3720 urbe
873 3669 1038 3719 iuventutem
1058 3682 1211 3719 convocans
1233 3674 1260 3717 et
1276 3664 1431 3717 muneribus

330 3741 357 3783 et
376 3732 452 3783 donis
475 3733 569 3787 fortem
595 3739 709 3791 reddens
728 3739 849 3791 cabreri
868 3754 1005 3790 nnmerum
1023 3739 1144 3789 ordinum
1159 3737 1271 3806 expiens
1289 3746 1316 3787 ct
1335 3745 1430 3805 centu-

330 3805 420 3855 riones
440 3805 554 3870 optimos
573 3810 718 3880 unicnique
740 3811 832 3863 borum
847 3811 965 3863 studiose
985 3811 1154 3875 praeficiens,
1175 3810 1221 3861 sed
1242 3809 1432 3860 etiamnumis-

330 3888 394 3924 cens
421 3876 592 3929 venientibus
619 3896 651 3930 ex
680 3885 818 3934 occidente
845 3881 1000 3944 ordinibus,
1037 3882 1113 3932 breui
1139 3888 1259 3947 tempore
1285 3881 1431 3931 exercitum

329 3959 476 4014 pugnacem
497 3948 614 3999 coniecit
634 3960 737 4003 etcum
760 3962 832 4005 tanta
853 3956 878 4007 ui
907 3960 999 4004 contra
1026 3952 1119 4003 Persas
1145 3952 1245 4004 firmius
1273 3951 1432 4018 proticisce-

329 4020 414 4069 batur.
463 4032 521 4067 cum
545 4026 632 4069 autem
660 4026 877 4087 septentrionalis
908 4026 1042 4076 exercitus
1074 4023 1213 4075 Persarum
1246 4023 1433 4074 excursionem

330 4087 458 4159 quandam
478 4097 556 4139 antea
576 4098 724 4142 monstrans
744 4098 970 4162 exspectationem
997 4095 1140 4148 recudendi
1167 4095 1239 4164 regis
1266 4093 1433 4160 expeditioni

330 4158 481 4230 praeberet,
500 4161 593 4215 statuit
609 4161 659 4213 iam
679 4162 816 4233 Diogenes
834 4171 862 4222 in
882 4167 1012 4221 australes
1027 4168 1156 4232 incidere,
1174 4168 1219 4234 qui
1244 4173 1342 4221 tetram
1362 4164 1434 4217 circs
