3222 5000
348 383 394 455 16
638 386 859 454 attentans
890 381 1151 450 adustione
1231 448 1235 461 ,

346 545 420 621 σίας
442 539 537 630 ύβριν
559 550 728 611 παθοῦσαν
751 546 930 631 ἀνήκεστον.
953 541 1046 628 ἔσχον
1067 536 1125 610 odi
1143 547 1201 609 τού
1224 546 1348 610 δικαίου
1370 546 1450 608 τού·

344 670 401 711 του
422 647 625 730 συλλήπτορα
647 645 742 729 ζήλου
766 649 884 713 καίτόν
907 638 1086 730 όμιότατσν
1099 649 1210 711 τούτου
1224 638 1337 729 ἄνδρα.
1360 644 1451 709 Ἀλέ-

344 751 408 826 ξιος
431 736 478 831 ἦν,
501 741 518 811 ὅ
538 745 598 829 πρό
621 749 678 811 τού
707 746 763 830 την
792 743 970 831 μοναχικην
994 746 1156 810 πολιτείαν
1179 740 1449 826 ἀκριβωσόμενος.

343 844 400 910 καί
421 843 593 928 ύνόχουσι,
625 847 734 935 γνώμη
767 851 822 913 καί
847 852 939 913 τινοῖν
961 849 1024 911 ταῖν
1051 847 1186 927 έντέλει,
1209 842 1267 929 την
1289 841 1449 927 ὁμαίμονα

343 949 399 1029 τῆς
419 947 583 1031 παθούσης
606 949 770 1033 δεσποίνης
800 948 971 1032 (Θεοδόρα
999 946 1102 1035 ταύτῃ
1125 947 1159 1012 τό
1185 937 1300 1031 ὄνομα)
1324 949 1358 1024 έξ
1379 938 1477 1020 ἓνός5

342 1050 405 1112 τῶν
417 1052 576 1132 Πετρίων,
590 1046 624 1112 έν
644 1038 668 1137 ᾧ
691 1049 819 1133 χρόνοις
841 1054 966 1124 πολλοῖς
987 1049 1154 1125 ἰδιωτικῶς
1173 1048 1346 1130 μονονουχὶ
1363 1046 1449 1128 έβιό-

341 1171 442 1216 τευσε.
486 1151 633 1214 πείθουσι
656 1150 717 1232 γὰρ
745 1142 845 1232 αύτὴν
865 1147 1048 1230 γυναικείας
1068 1149 1180 1240 αἰδούς
1203 1151 1258 1213 καί
1280 1146 1448 1222 ἀσθενείας

342 1249 575 1330 ἐπιλαθέσθαι,
603 1254 658 1315 κατ’
677 1251 798 1323 τούτοις
827 1237 1040 1332 όκολουθησαι
1063 1250 1266 1332 παρασκευῆς
1288 1243 1372 1312 ούτω
1393 1245 1450 1310 καί

340 1347 467 1434 χνωμης
489 1347 611 1432 ἔχουσι,
632 1349 736 1414 πάντα
758 1348 877 1437 ῥηιδίως
898 1344 997 1413 οἴσειν
1018 1351 1072 1413 καί
1082 1350 1196 1433 ταύτης
1216 1350 1448 1432 προκινδυνεύ·

342 1473 397 1514 σαι
420 1449 475 1514 καί
497 1453 553 1532 τῆς
587 1448 792 1532 αύταδέλφης
826 1447 1010 1530 αύτῆς,και’
1030 1451 1134 1533 φόβου
1158 1445 1278 1522 παντὸς
1298 1444 1496 1518 ‹tunitii-ro

342 1555 392 1629 ξαι
415 1550 470 1614 καὶ
489 1549 637 1615 κινδύνου
668 1549 726 1614 τού
756 1550 978 1632 πολεμητορος.
1001 1546 1008 1557 ‘
1029 1552 1225 1633 έποχηθεῖσα
1258 1549 1365 1612 τοίνυν
1394 1550 1447 1634 ἐφ’

342 1655 438 1716 ἵππον
460 1648 596 1733 πρόεισι,
621 1654 883 1734 δορυφορουμένη
914 1654 1068 1731 λαμπρούς
1089 1650 1298 1735 μυριόνδροις
1329 1643 1447 1730 ὅπλοις,

344 1754 398 1816 κατ’
416 1757 574 1837 φυλακαῖς
610 1751 833 1832 α’καθαιρέιοις
863 1754 1108 1835 περιειλημμένη
1131 1749 1188 1814 καί
1217 1758 1448 1833 προκατειλημ-

342 1856 420 1935 μένη
439 1850 496 1927 τοὶς
520 1849 689 1933 διεξόδους,
711 1850 830 1933 ὁμοίως
850 1848 903 1915 διό
924 1855 1023 1936 μέσης
1034 1853 1090 1933 τῆς
1107 1848 1237 1932 πόλεως,
1258 1849 1343 1935 παρα
1367 1848 1450 1913 πόν-

231 1986 234 1997 ’
344 1976 406 2018 των
435 1953 682 2038 εδφημουμένη,
719 1955 776 2016 καί
802 1957 1035 2036 προτρεπομένη
1068 1949 1112 2034 μη
1143 1953 1290 2017 ένδούναι
1312 1948 1392 2032 πρός
1413 1949 1447 2015 τό
1460 1975 1497 2027 15

344 2052 510 2135 α’χιόνισμα
534 2057 589 2119 καί
609 2051 665 2136 την
682 2055 741 2117 τού
765 2053 934 2132 α’ναιρέτου
950 2049 1147 2145 καθαίρεσιν.
1171 2054 1370 2117 διασωθεῑσα
1391 2044 1450 2114 σύν

343 2152 423 2235 πρός
443 2152 500 2217 τὸν
518 2151 704 2238 περιβόητον
733 2154 788 2216 καί
821 2157 908 2215 θεῖον
930 2150 1008 2217 ναόν
1030 2148 1166 2237 ἑσπέρας
1199 2141 1296 2236 ούσης
1313 2155 1450 2233 βαθείας

343 2247 465 2319 ἄνεισιν
483 2255 529 2331 είς
551 2252 607 2329 τός
629 2262 686 2320 τοῦ
701 2251 902 2339 πατριάρχου
926 2251 1095 2337 διαχωχός,
1119 2254 1172 2319 καί
1190 2255 1233 2340 τῷ
1255 2250 1370 2335 πλήθει
1391 2252 1451 2326 τὰς

344 2344 438 2436 ύψεις
468 2355 565 2439 αὐτῆς
594 2358 640 2428 εἰς
672 2352 723 2419 τόν
755 2351 831 2417 ναύν
853 2339 1029 2440 έπαφίησιτ
1072 2356 1128 2418 κατ’
1154 2361 1230 2437 παρ’
1252 2352 1379 2418 ε’κείνονν
1403 2349 1451 2418 ἔτι

345 2458 603 2539 παρεχγυηθεῖσα
634 2459 769 2538 θαρρεῖν
799 2448 881 2519 ούτω
905 2457 1157 2538 διανυκτερεύει,
1191 2457 1500 2540 συγκαλεσαμένηηη

205 2574 224 2629 ς,
248 2572 298 2630 170
312 2553 464 2631 ι.πα’ντας
485 2556 558 2633 τούς
582 2559 617 2621 έν
637 2563 719 2623 τέλει
741 2558 875 2637 ταχέως,
900 2558 955 2619 καί
982 2554 1100 2632 παντὸς
1122 2558 1295 2639 ψιλιόσασα
1317 2556 1371 2622 τόν
1390 2557 1451 2620 α’ν·

344 2659 521 2739 τικτόμενον
549 2661 684 2738 βασιλέα
718 2655 893 2738 δυνάμεως,
914 2652 1017 2739 οἶρχύς
1039 2681 1073 2721 τε
1096 2655 1197 2732 εύθύς
1226 2658 1375 2744 λαμπρός
1395 2661 1453 2723 καί

345 2750 810 2841 δμορανσμικύςόποδειᾜασα,
832 2755 887 2822 καί
908 2756 1133 2843 τὸκρότοςτης
1152 2763 1317 2840 βασιλείας
1338 2762 1452 2839 δεξιαῖς
1477 2836 1488 2845 ἱ

345 2861 591 2942 περιεζωσμένη.

419 3011 461 3062 12.
481 3008 598 3080 έχλοιςλ
707 3013 747 3066 18.
769 3022 831 3082 post
847 3016 952 3082 πληθιι
971 3015 1047 3070 deest
1065 3018 1158 3069 nescio
1177 3020 1248 3087 qnid.

345 3162 411 3198 rum.
449 3146 576 3217 (blosius
604 3152 749 3219 erat‚.qui
772 3160 849 3204 antea
877 3153 1057 3206 monachicam
1082 3155 1335 3209 administrationem
1354 3173 1450 3212 corre-

346 3222 444 3289 xerat).
464 3228 492 3270 et
509 3220 631 3273 aeterum
649 3222 675 3273 in
690 3226 842 3275 memoriam
863 3227 941 3276 etiam
960 3226 1122 3293 quorundam
1139 3229 1251 3294 imperio
1269 3230 1451 3296 praeditorum

346 3298 484 3355 cognatum
502 3300 615 3345 vexatae
636 3294 759 3345 dominae
787 3295 940 3362 (Theodora
965 3297 1028 3348 huic
1055 3306 1111 3349 crat
1137 3304 1248 3369 nomen)
1270 3314 1304 3351 ex
1322 3316 1375 3353 uno
1395 3302 1451 3354 l’e.

344 3362 464 3424 talorum,
485 3362 511 3413 in
533 3379 586 3431 qno
606 3364 704 3416 multos
717 3380 801 3416 annos
822 3366 941 3419 solitaria
955 3383 1042 3434 paene
1055 3370 1177 3420 vixerat:
1198 3371 1359 3437 persuadent
1378 3375 1450 3427 eninr

345 3433 381 3496 si,
401 3440 430 3483 ut
447 3431 584 3487 muliebris
605 3436 750 3502 pudicitiae
772 3444 799 3487 et
824 3437 983 3489 infirmitatis
1002 3439 1179 3492 obliviscatur
1199 3451 1226 3492 et
1252 3442 1301 3493 bos
1322 3452 1450 3512 sequatur

345 3503 389 3570 qui
411 3507 616 3572 praeparatione
636 3507 673 3557 ita
692 3515 718 3557 et
737 3505 852 3558 consilio
871 3510 993 3571 instructi
1012 3511 1074 3574 sint,
1094 3514 1232 3569 calomnia
1252 3512 1334 3564 facile
1351 3530 1450 3583 repor.

344 3576 424 3625 taturi
441 3576 495 3626 sint
515 3585 542 3627 et
561 3593 610 3645 pro
625 3576 674 3630 bac
695 3579 806 3645 eiusque
824 3592 916 3631 sorore
933 3583 1084 3648 pugnaturi,
1105 3598 1216 3651 eantque
1234 3584 1268 3636 ab
1286 3588 1358 3637 omni
1378 3595 1451 3638 metu

344 3643 482 3696 liberaturi
501 3649 555 3699 sint
575 3658 602 3701 et
631 3648 753 3716 periculo
772 3647 848 3701 belli.
874 3659 951 3704 vecta
970 3654 1052 3721 igitur
1071 3669 1140 3722 equo
1159 3656 1329 3723 progreditur
1353 3660 1451 3724 stipata

344 3713 483 3780 splendide
507 3718 742 3773 innumerabilibus
767 3723 846 3773 armis
873 3732 900 3775 et
932 3724 1072 3791 praesidiis
1104 3725 1213 3777 invictis
1247 3742 1404 3795 oppugnans
1423 3735 1451 3779 et

345 3798 480 3850 occupans
500 3789 585 3839 exitus
604 3795 703 3856 pariter
727 3807 775 3858 per
804 3795 914 3846 mediam
942 3793 1054 3859 urbem,
1072 3796 1105 3848 ab
1125 3797 1248 3849 omnibns
1267 3799 1403 3852 celebrata
1423 3807 1451 3850 et

345 3856 488 3919 admonita,
507 3873 542 3909 ne
559 3861 667 3912 cederet
685 3863 712 3911 in
735 3867 880 3917 certamine
900 3875 927 3918 et
945 3867 1093 3934 parricidae
1110 3883 1188 3919 nece.
1212 3871 1375 3935 perveniens
1394 3872 1451 3939 ipi-

345 3933 387 3977 tnr
404 3927 437 3977 ad
456 3926 556 3979 clarum
578 3938 605 3979 ct
623 3931 740 3982 divinum
754 3935 879 4001 templum
898 3953 956 3988 cum
977 3952 1074 4005 vesper
1090 3949 1161 3991 esset
1174 3940 1332 4006 profundus,
1352 3959 1454 3994 ascen.

344 3997 384 4048 dit
402 3998 428 4047 in
449 3999 616 4063 patriarchae
641 4001 725 4052 cellas
751 4010 779 4053 et
806 4007 833 4055 in
859 4007 1052 4059 multitudinem
1080 4009 1175 4062 oculos
1194 4026 1257 4062 suns
1276 4013 1304 4062 in
1324 4013 1455 4081 templum

345 4067 448 4137 defigit,
469 4078 496 4121 et
515 4070 548 4122 ab
565 4070 620 4122 illia
637 4073 722 4138 magis
742 4071 883 4141 admonita,
904 4088 933 4131 ut
952 4079 1098 4147 tranquillo
1128 4084 1318 4146 canetenim,
1339 4085 1378 4135 ita
1398 4100 1454 4136 no-

344 4147 413 4191 ctem
431 4141 468 4192 ibi
492 4141 582 4209 degite
607 4149 745 4210 postquam
775 4151 935 4201 convocarit
960 4164 1061 4216 omnes,
1090 4155 1135 4221 qui
1154 4169 1212 4204 oum
1232 4154 1345 4220 imperio
1365 4163 1456 4218 erant,

344 4211 473 4264 celeriter
494 4220 521 4264 et
540 4214 611 4265 omni
629 4215 740 4267 nudauit
759 4220 908 4282 oppositum
926 4237 1018 4289 regem
1044 4226 1177 4291 potentia,
1198 4224 1345 4291 potestates
1363 4230 1457 4279 statim

342 4283 497 4350 splendidas
509 4293 536 4337 et
551 4284 683 4338 aedilitias
697 4288 836 4341 constituit
852 4297 879 4341 et
890 4294 1034 4359 potentiana
1043 4296 1121 4363 rapui
1139 4304 1201 4365 apte
1212 4295 1263 4347 sibi
1281 4298 1453 4351 conciliarit.
