3222 5000
552 291 761 411 utsrourt.
1171 338 1221 417 tt

139 503 225 572 ιίτόν
246 504 455 588 συγχωρῆσαι
476 500 586 588 φόνοις
605 502 660 570 καί
681 511 820 589 σφαγαῖς
845 503 1063 589 ἀνθρωπίναις
1083 511 1227 594 μιανθῆ-

137 633 180 672 ναι
200 604 256 691 την
275 600 495 687 μιγαλόπολιν.
550 608 604 669 καί
623 603 700 687 πρός
735 604 775 669 τὰ
807 603 930 688 ἐρυθροὶ
952 610 1066 674 πέδιλα
1088 608 1227 674 κατιδοόν

135 703 196 774 “tid
216 703 337 772 ταῦτα”
359 697 445 767 εἶπεν
463 702 501 766 “d
527 704 665 787 Μιχαὴλ
681 707 734 768 ὀυ’
756 707 931 788 προδίδωσι
954 705 1012 791 την
1032 703 1228 792 elotanae?

137 812 184 873 καί
198 807 306 891 πόρρω
338 807 400 868 τῶν
424 797 542 868 ἑαυτοῦ
577 807 681 870 ποδῶν
710 812 813 870 ταῦτα
844 808 1136 894 σφενδονηοάμενος
1169 808 1227 894 την

118 907 266 994 incoatis
296 905 397 971 ἔκλινε
425 914 491 981 τοῖς
518 905 745 987 ἀποσταλεῖσιν
777 908 822 982 είς
842 906 899 991 τήν
922 908 1050 992 κουράν.
1094 913 1149 975 καί
1171 914 1228 997 τῆς

136 1010 290 1092 βασιλικῆς
317 1006 534 1089 λαμπρότητας
555 1005 612 1090 την
639 1006 819 1093 μοναχικήν
850 1012 1010 1074 πολιτείαν
1032 1013 1230 1094 augustaeae
1239 1025 1258 1080 i.
1275 1022 1326 1077 1⁷8
1338 1037 1366 1079 r.

136 1109 409 1191 ἀπαλλαξόμενος,
430 1107 485 1172 καί
504 1105 651 1191 τρόχινον
668 1106 775 1193 ῥάκος,
795 1113 851 1193 τῆς
872 1109 1061 1192 εὐδαίμονος
1083 1110 1230 1195 ἀμπεχό-

136 1233 182 1293 νης
199 1208 254 1273 καί
266 1211 452 1291 πολυτίμου,
474 1212 719 1291 παραπίμπεται,
742 1209 928 1296 αὐθημερόν
944 1216 1162 1298 μελαμφοριόν
1176 1217 1231 1278 καί
1268 1280 1277 1295 ‚

136 1318 193 1384 τοῖς
222 1319 377 1393 μοιαχοῖς
405 1307 661 1391 συνταττόμενος.
715 1312 846 1391 δέχεται
876 1314 987 1376 τοῦτον
1013 1312 1029 1374 o‘
1060 1314 1231 1396 ἀρχιερεός

105 1408 317 1493 ιρουναντήσει
351 1412 448 1494 δῆθεν
477 1408 695 1499 φιλανθρώπῳ
716 1408 771 1473 καί
800 1412 979 1501 μειδιώση,
1008 1414 1063 1477 καί
1095 1410 1232 1497 “pcipe”

135 1512 206 1594 πρός
225 1510 322 1575 αάτόν
345 1509 483 1575 ε’πειποόν
506 1507 662 1596 φιλήματι
684 1514 797 1575 τοῦτον
818 1508 1005 1590 ἀσπάζεται.
1049 1512 1066 1576 ό
1092 1506 1231 1591 δδ“θεός

136 1633 165 1674 οι
186 1613 289 1691 ἀξιλσς,
308 1612 473 1694 ἀρχιερεό,
496 1609 749 1676 ἀντασπάσαιτο”
770 1608 886 1698 φήσας,
903 1616 963 1702 μιᾷ
984 1618 1047 1703 ruis
1069 1638 1231 1698 πατριαρ-

135 1711 224 1792 χικοόν
245 1713 362 1791 οἰκιῶν,
383 1713 421 1798 τῇ
444 1710 597 1777 ἀνωτάτω
616 1712 846 1801 ἀναχωρητικῇ,
874 1704 1121 1798 παραδίδοται)
1132 1719 1230 1797 βασι-

136 1810 242 1887 ieiune
264 1814 321 1877 ἕνα
338 1808 435 1893 μόνον
454 1809 610 1878 ἐνιαυτόν.
1189 1816 1191 1821 ’

103 1932 129 1984 15
214 1902 395 1995 Ἐἰσόγεται
411 1917 516 1979 τοίνυν
538 1912 555 1978 ό
578 1914 745 2002 Κομνηνός
766 1914 946 1992 διαπόντιος
968 1917 1050 1999 μιτά
1073 1924 1132 1983 τοῦ
1153 1919 1263 1990 στό-α.
1273 1936 1351 2000 1057,

135 2018 186 2076 λου
207 2008 348 2094 παντός,
376 2014 552 2101 τάφημίαις
578 2016 635 2080 καί
658 2018 855 2100 ἀλαλαγμοῖς
888 2020 945 2082 καί
974 2021 1155 2105 σαλπίγγων
1177 2007 1370 2087 καί31·Ᾰ“ῑ·

135 2116 242 2178 λοιπῶν
265 2115 408 2198 ἀργάνοον
429 2116 496 2202 η’χῇ
516 2117 755 2200 σεμνυνόμενος.
810 2121 866 2183 καί
891 2119 998 2184 τοότον
1019 2120 1230 2204 ἀποδέχομαι

134 2211 167 2278 τό
187 2220 338 2298 ducilem
369 2221 444 2302 περί
475 2221 582 2303 δειλην
609 2221 726 2301 ὀψίαν,
750 2224 964 2304 υεπτεμβρίοο
985 2223 1087 2307 μηνός
1114 2224 1169 2307 τῆς
1189 2220 1232 2287 ια’

134 2315 322 2393 ίνδικτιοόνος
343 2315 558 2400 ἐνισταμένου.
614 2324 651 2408 τῇ
674 2324 702 2384 δ’
725 2318 877 2404 ἑπαόριον
894 2311 1020 2411 προόδλρ
1040 2326 1170 2413 λαμπρᾷ
1192 2325 1231 2409 τῇ

100 2419 185 2485 ttrov'
204 2422 285 2483 θεοῦ
315 2418 436 2509 μεγάλη
472 2421 618 2509 ἐκκλησίᾳ
637 2419 720 2499 μετά
743 2424 860 2505 πολλῆς
888 2420 1075 2506 προσελθών
1094 2425 1150 2509 τῆς
1173 2425 1230 2487 δο-

132 2520 295 2604 ρυφορίας,
313 2520 347 2585 τό
371 2523 489 2606 στέφος
511 2522 561 2584 ἀπ’
578 2519 762 2603 ἀκρίβαντος
785 2522 839 2586 διό
860 2521 970 2605 χειρός
991 2526 1050 2587 τοῦ
1070 2522 1230 2609 πατριάρ-

132 2640 187 2699 χοο
207 2623 385 2702 κομιζεται.
438 2624 493 2687 καί
523 2622 648 2706 πρόεισι
677 2625 869 2708 στεφανίτης
891 2625 1023 2708 ἐκεῖθεν,
1051 2623 1146 2702 δόξαν
1165 2651 1230 2690 πα-
1315 2654 1318 2659 ¹

131 2722 291 2806 ρεσχηκολς
310 2720 443 2806 ἀνδρίας
462 2721 519 2787 καί
529 2721 749 2808 ἀνδραγαθίας
767 2730 915 2810 μεγίστης
931 2722 971 2789 οδ
990 2733 1058 2803 τοῖς
1082 2724 1231 2813 ὑπηκόοις

134 3040 189 3101 pter
206 3048 238 3085 se
258 3033 427 3099 concedere,
446 3035 577 3104 σκορπίου
597 3043 624 3087 ct
647 3035 772 3088 caedibus
791 3034 926 3089 homiuum
947 3037 1119 3091 contaminari
1137 3036 1230 3092 urbem

134 3104 244 3173 regiam,
265 3112 292 3155 et
311 3104 344 3157 ad
363 3105 443 3157 rultru
462 3105 571 3159 sandala
589 3108 756 3174 despiciens:
776 3115 885 3175 propter
903 3107 979 3172 haec,
1001 3110 1097 3176 inquit,
1116 3108 1229 3161 llielssel

133 3189 182 3226 nan
208 3176 299 3242 prodit
317 3177 461 3242 pictatem,
491 3186 519 3228 et
537 3176 619 3247 louge
643 3195 658 3228 a
677 3180 732 3230 suis
752 3178 864 3245 pedibus
883 3177 949 3229 ltuec
968 3179 1131 3248 detorquens
1150 3188 1230 3245 caput

134 3248 216 3313 posuit
235 3247 325 3298 missis
344 3248 513 3313 tundendum,
534 3248 1040 3318 etregiumegnillceatiamonachicum
1057 3250 1228 3301 constitutio.

131 3332 186 3368 nem
199 3317 300 3369 leniter
313 3327 415 3371 mutuus
427 3328 454 3371 et
471 3321 601 3373 sordidam
615 3328 717 3373 uestem
727 3320 805 3372 beato
817 3328 845 3371 et
858 3320 1001 3371 honorario
1020 3321 1127 3382 amictu,
1138 3321 1228 3372 dimit-

133 3388 191 3438 titur
206 3389 296 3440 statim
309 3390 386 3457 uigru
398 3399 474 3442 veste
489 3400 516 3443 et
529 3393 556 3442 in
571 3391 759 3443 monachorum
773 3407 909 3444 numerum
925 3390 1035 3443 relatus.
1052 3392 1147 3457 recipit
1159 3391 1228 3445 hunc

132 3459 250 3525 pontifex
268 3463 397 3513 maximus
417 3462 569 3515 conditione
589 3462 709 3514 humsmu
728 3472 755 3515 et
773 3464 868 3527 arrisu,
888 3472 915 3515 et
933 3462 994 3514 vele
1008 3463 1040 3514 ud
1060 3477 1118 3513 eum
1137 3463 1229 3513 dicens

131 3532 220 3582 osculo
239 3530 312 3582 huuc
332 3533 512 3602 prosequitur.
539 3534 586 3585 ille
604 3544 707 3599 autem,
726 3535 791 3588 deus
810 3543 837 3585 te
855 3535 946 3603 digne,
966 3533 1088 3602 pontifex
1105 3534 1228 3596 maxime,

132 3610 239 3653 econtra
259 3612 453 3672 prosequatur,
473 3622 531 3656 cum
551 3607 682 3670 dixisset,
701 3608 747 3658 uni
766 3605 1000 3674 patriarchicorum
1019 3604 1166 3668 domorum,
1187 3603 1230 3655 ul.

132 3672 247 3727 tissimus
274 3673 414 3728 solitudini
433 3677 544 3728 traditur
562 3686 702 3746 postquam
719 3677 844 3745 regnavit
862 3692 941 3729 unum
960 3683 1060 3727 matum
1078 3691 1185 3727 annum.

234 3761 416 3815 introducitur
435 3766 516 3833 igitur
535 3764 684 3819 comnenus
703 3773 865 3816 transmare
886 3778 944 3814 cum
965 3765 1085 3815 exercitu
1102 3763 1232 3816 totolsu.

131 3832 202 3885 dibus
223 3842 252 3885 et
271 3832 601 3888 clamoribusettubarum
621 3845 648 3888 ct
667 3837 830 3905 reliquorum
849 3836 1083 3887 instrumentorum
1102 3836 1231 3906 clangore

131 3904 284 3956 celebratis.
323 3912 404 3971 utque
423 3905 492 3957 hunc
512 3908 612 3974 excipit
630 3910 705 3976 regia
724 3908 957 3973 circavespurum,
976 3908 1053 3958 initio
1073 3907 1231 3975 septembris

128 3976 284 4027 indictionis
303 3975 348 4027 Xl.
369 3984 476 4042 postero
505 3986 592 4030 antem
611 3979 654 4030 dia
674 3993 771 4046 pompa
798 3976 896 4030 illustri
915 3979 947 4030 ad
975 3978 1018 4030 dei
1042 3994 1163 4047 magnam
1183 3995 1231 4030 ec-

131 4045 238 4099 clesium
258 4062 317 4097 cum
328 4046 562 4117 multaaggressus
580 4049 724 4101 satellitum
742 4051 950 4117 prosecutione,
972 4065 1097 4102 coronam
1117 4052 1144 4102 in
1163 4066 1229 4118 sug·

129 4128 203 4184 gestu
225 4133 277 4184 per
295 4132 400 4169 manum
419 4122 587 4185 patriarchae
605 4123 718 4189 accipit,
745 4130 772 4173 et
791 4124 959 4191 progreditur
986 4129 1128 4173 coronatus
1148 4121 1228 4182 inde,

129 4186 215 4255 pluris
243 4196 398 4255 comparata
423 4192 529 4245 virtutis
561 4202 588 4245 et
614 4194 775 4246 tortitudinis
801 4196 945 4259 maximae,
970 4207 1024 4246 non
1048 4191 1135 4245 solum
1160 4191 1231 4256 apud

130 4257 284 4322 subiectus,
304 4261 351 4314 sed
373 4262 424 4316 ium
443 4265 521 4316 etlam
540 4263 609 4331 apud
628 4264 772 4328 barbaros,
794 4268 892 4334 quippe
912 4266 956 4333 qui
977 4278 1065 4331 pugna
1083 4262 1229 4314 devicisset
