3168 4988
579 366 786 447 moroan.
1096 416 1107 429 .
1157 354 1233 440 eal

129 535 291 620 ἔμελλον,
318 538 397 623 μήτε
425 535 480 603 τόν
507 535 620 604 στόλον
649 540 795 614 ἐάσαντες
823 536 1046 621 άκυβόρνητον,
1067 532 1148 601 άλλά
1174 536 1233 601 κάν

132 634 240 728 τοάτιρ
264 637 474 723 όρουγγάριον
495 639 734 723 ἐπιστήσαντες.

242 730 334 805 Οόταν
356 741 392 803 di
410 742 472 804 τεόν
497 736 577 803 κατά
600 738 656 823 τὴν
678 737 769 803 πόλιν
791 731 988 822 πραγμάτων
1009 735 1157 820 όχόντανν,
1179 734 1235 802 καί

129 845 292 925 βασιλέως
314 843 565 921 καθαιρεθέντος
594 837 751 905 ὁπλιτικόν
771 835 898 923 ἔχοντες
921 841 955 904 ἐκ
976 840 1179 923 μισθοφορᾶς
1201 837 1235 900 όν

104 968 121 1021 5
129 944 272 1027 μορίασι
294 936 614 1025 σοναριθμοόμενον,
644 940 699 1005 καί
732 944 792 1004 τοτῖ
814 938 1028 1005 Βοτανειάτου
1059 936 1235 1018 πολεμικῶς

132 1047 192 1109 καί
209 1046 361 1126 μαχίμιος
381 1043 439 1126 την
461 1040 543 1124 όπὲρ
566 1046 621 1125 τῆς
651 1044 756 1124 κοινῆς
789 1044 850 1106 τῶν
869 1041 1035 1122 Ῥωμαίων
1066 1041 1233 1121 εόετηρίας

132 1144 240 1227 όρμῆν
261 1142 500 1228 ἑξαρτόσαντος,
522 1135 716 1224 ἀναίμακτον
741 1136 826 1206 ἅπαν
845 1142 901 1206 καί
929 1139 1110 1222 ἀνώλεθρον
1136 1160 1233 1204 συνε·

131 1242 279 1329 περάνθη
301 1242 337 1310 τό
361 1246 572 1324 α’ποτάλεσμα,
595 1241 637 1320 οός
657 1243 739 1326 μηδὲ
763 1237 835 1327 ῥίνά
854 1264 936 1316 τινος
965 1242 1099 1322 αἳματος
1129 1241 1236 1323 γενέσ-

131 1350 194 1410 θαι
224 1342 418 1428 διάβροχον·
464 1338 540 1428 όπερ
579 1348 692 1428 δεῖγμα
719 1347 776 1428 τῆς
805 1346 851 1418 είς
881 1341 957 1407 θεὸν
978 1343 1078 1406 adteri
1099 1343 1365 1413 πίστεονςλλλίτ.

89 1462 123 1517 10
132 1450 190 1513 καί
208 1449 266 1529 τῆς
285 1443 321 1511 ia
336 1450 418 1510 θεοῦ
438 1449 665 1529 προχειριόεως
687 1442 803 1509 τούτου
826 1443 1030 1530 σαφέστατόν
1054 1464 1089 1508 τε
1110 1445 1164 1507 κατ’
1184 1441 1234 1504 τί·

130 1551 302 1612 κειότατοκ.
346 1547 432 1611 άλλόι
446 1547 480 1611 τό
504 1550 562 1627 μὲν
579 1543 640 1609 άπό
665 1548 823 1627 βασιλέων
846 1541 940 1627 ἔσχεν
963 1544 981 1608 ό
1001 1546 1058 1627 τῆς
1078 1544 1234 1628 θεομὴτο-

133 1671 190 1732 ρος
210 1651 243 1712 όν
265 1650 466 1731 Βλαχάρναις
489 1644 583 1730 σηκός
604 1644 786 1730 ἱερώτατος,
809 1646 863 1712 καί
878 1652 1071 1730 περιέσωσεν
1091 1646 1125 1709 όν
1149 1644 1257 1731 αὐτῷΙ

131 1746 190 1833 την
213 1750 311 1833 τρίχα
333 1745 388 1812 καί
407 1744 464 1812 τόν
486 1745 604 1828 κόσμον
624 1746 889 1830 ε’κτιναξάμενον·
934 1746 990 1812 τόν
1013 1747 1042 1811 δ’
1064 1744 1126 1811 άπό
1141 1751 1234 1829 λογο-

133 1853 240 1915 θετοόν
261 1853 316 1915 καί
335 1848 390 1915 τόν
418 1844 534 1914 κου’τοο
561 1849 780 1934 προασπιστην
801 1851 933 1931 Δαβίό,
963 1849 996 1915 τὸ
1018 1851 1078 1914 τοῦ
1098 1841 1236 1931 μεγάλου

90 1943 364 2034 ιὸἓταιρειάρχου
384 1954 570 2033 κεκτημένον
592 1949 765 2036 όφφίκιον,
790 1944 823 2025 ‘dc
845 1948 878 2013 ίκ
901 1953 1115 2034 παραγγελίας
1137 1946 1237 2013 αὐτοῦ

133 2052 192 2116 κου’
213 2047 275 2114 άπό
296 2052 473 2133 λσγοθετιόν
494 2045 547 2112 τόν
571 2051 727 2134 α’ρχιερία
748 2050 805 2133 τῆς
825 2047 915 2132 ίεράς
944 2051 1101 2133 τραπέζης
1129 2052 1163 2114 dr
1194 2049 1236 2134 xpi

137 2151 362 2239 θυσιαστηρίῳ
384 2155 440 2234 τῆς
462 2152 519 2215 τοῦ
539 2153 616 2214 θεοῦ
636 2150 730 2233 λόγου
743 2153 867 2236 «σοφίας
888 2152 1003 2231 βιαίως
1032 2149 1234 2228 άνειλκοσεν,

137 2251 247 2327 οάόείς
276 2257 363 2327 θεῖος
389 2252 485 2331 δόμος
509 2252 636 2331 ίόόξατσ
659 2253 714 2316 καί
743 2255 951 2335 περιέστειλεν
979 2245 1108 2314 ἔνδοθεν
1137 2250 1233 2336 (η’όί·

134 2357 265 2439 σθησαν
277 2350 339 2436 γάρ
351 2358 538 2436 προσελθεῖν
552 2352 607 2417 καί
630 2354 828 2436 προσρυῆναι
850 2352 980 2426 ἐκείνοις
999 2340 1044 2414 τόν
1057 2346 1116 2432 τήν
1136 2373 1236 2412 κατα.

89 2452 247 2540 appropria
269 2448 377 2527 ἄλλοις
401 2455 497 2517 αότοί
516 2453 751 2537 άπηγόρευσαν,
770 2451 825 2518 καί
844 2443 888 2516 τόν
910 2444 1003 2534 όβριν
1020 2452 1077 2516 καί
1106 2451 1237 2532 άτιμίαν

22 2552 29 2567 ’
137 2557 174 2620 ότι
195 2557 386 2636 προπετείας
410 2552 614 2630 άτασθάλους
635 2558 817 2640 κατάχεον),
848 2551 929 2617 άλλά
951 2554 1013 2619 τοόν
1033 2554 1138 2617 ἳππων
1170 2555 1237 2616 άπι-
1311 2602 1314 2609 ,

134 2651 250 2737 βάντες
269 2650 329 2718 σόν
352 2653 467 2736 ὀλίγοις
492 2658 555 2718 τάν
577 2656 658 2740 ἄμφ’
682 2652 800 2730 αότοίις
821 2652 901 2740 πρός
923 2645 1061 2738 ἑσπέραν
1090 2649 1238 2739 ὄξάρμη-

40 2736 48 2760 ’
136 2779 209 2820 σαν.
251 2755 307 2820 καί
327 2756 609 2837 καταλαμβάνουσι
629 2755 684 2821 τόν
697 2755 877 2823 Ῥουσίλιον
896 2758 942 2832 είς
958 2754 1153 2843 Ἡράκλειαν
1175 2745 1238 2839 ἤδη

136 2860 195 2940 τῆς
210 2854 288 2922 κατά
311 2859 375 2921 τάν
397 2854 575 2923 άντιπάλονν
594 2859 681 2944 νίκης
702 2855 741 2924 τά
763 2859 961 2949 χαριστήρια
983 2856 1121 2924 θόοντα·
1143 2847 1240 2923 iota-

137 3121 206 3172 tium
224 3119 343 3174 ordinem
362 3119 514 3173 adornaturi
534 3126 618 3183 erant,
637 3132 726 3187 neque
745 3118 856 3171 classem
875 3119 1043 3187 reliquerunt
1060 3120 1120 3171 eine
1138 3118 1239 3185 guber.

138 3200 246 3257 nutora,
265 3192 412 3244 sedetiam
431 3191 493 3243 huic
511 3190 682 3256 drongarium
699 3191 890 3256 imposuerunt.

241 3287 306 3341 Cum
325 3296 412 3340 autem
431 3288 471 3340 ric
489 3288 517 3338 in
536 3285 601 3337 urbo
620 3301 664 3337 rea
683 3300 713 3337 ne
732 3285 881 3349 haberent,
906 3292 933 3336 ot
951 3300 1000 3337 rex
1019 3284 1139 3338 sublatus
1159 3294 1239 3352 aocet,

139 3360 187 3429 qui
207 3361 352 3411 exercitum
371 3361 461 3427 gravio
486 3366 634 3410 armaturae
654 3356 766 3408 haberet
782 3354 915 3407 mercede
942 3357 974 3408 ad
992 3357 1125 3423 myriades
1143 3372 1239 3408 nume.

139 3438 236 3495 rutum,
256 3447 369 3499 cumque
388 3431 542 3483 Bataniatea
570 3427 702 3481 bellicose
722 3436 750 3479 et
777 3428 882 3480 fortiter
901 3430 1046 3480 communie
1063 3427 1240 3481 Romanorum

140 3501 235 3554 salutis
254 3503 367 3556 etodium
383 3502 554 3571 gubernaret,
573 3503 632 3554 aine
651 3516 747 3553 cruore
770 3502 855 3551 omnia
882 3508 908 3551 ot
926 3501 984 3551 eine
1004 3500 1087 3552 caedo
1103 3499 1240 3568 perlectus

140 3576 305 3638 «retexitur,
333 3573 369 3624 ita
388 3582 417 3624 ut
440 3588 574 3639 nennius
601 3574 705 3641 quidem
724 3572 878 3639 cuiusquam
903 3572 1033 3639 anaguina
1057 3573 1241 3639 tinguereturr

138 3644 167 3696 id
187 3646 257 3713 quod
278 3646 462 3697 documentum
482 3647 540 3696 eino
559 3644 621 3696 lidei
640 3645 683 3695 dei
705 3651 732 3695 et
750 3644 857 3694 divinae
877 3644 1019 3693 emtionis
1046 3639 1124 3693 huius
1143 3641 1241 3692 certia.

139 3716 234 3769 nimum
255 3724 295 3767 eat
314 3723 341 3766 et
359 3715 471 3767 maxime
491 3716 646 3782 proprium:
667 3714 713 3766 aed
738 3729 829 3780 regem
850 3712 942 3763 habuit
960 3712 1002 3763 dei
1021 3713 1111 3765 matris
1129 3713 1157 3765 in
1175 3711 1242 3764 Blu.

139 3786 250 3839 chernio
273 3787 399 3854 templum
429 3787 622 3839 sanctissimum
642 3793 669 3834 et
687 3786 822 3849 servavit,
846 3793 985 3852 postquam
1016 3784 1043 3834 in
1064 3799 1096 3835 eo
1116 3784 1242 3852 capillum

141 3866 170 3910 et
191 3866 313 3909 ornatum
332 3858 469 3924 deposuitr
490 3855 653 3924 logothetam
678 3864 764 3907 autem
784 3864 811 3906 et
830 3857 887 3905 eiua
915 3863 1139 3923 propugnatorem
1156 3857 1242 3910 llari.

140 3930 203 3981 dem
222 3930 268 3995 qui
294 3930 383 3995 magni
404 3930 560 3979 societatum
579 3928 653 3979 ducis
673 3926 802 3978 habuerat
826 3925 954 3991 cilicium,
973 3928 1019 3994 qui
1046 3927 1151 3995 quidem
1168 3928 1241 3979 luctu

136 3997 297 4067 logothetae
330 4013 455 4050 nummum
481 3998 633 4066 pontificem
662 4015 676 4049 u
712 4006 802 4049 nancta
834 4012 924 4049 menna
957 3999 984 4049 ln
1013 4013 1058 4051 ara
1095 3998 1242 4067 sapientiae

137 4069 225 4122 divini
253 4068 329 4120 verbi
355 4070 383 4120 vi
402 4071 536 4133 detraxit,
567 4068 642 4119 nulla
671 4070 761 4121 divina
788 4070 880 4120 domuc
911 4071 1018 4137 excepit
1045 4080 1073 4122 et
1099 4072 1167 4121 texit
1196 4068 1241 4119 in.

138 4150 197 4193 tuot
216 4141 298 4195 veriti
320 4139 390 4192 enim
415 4149 477 4191 suut
500 4139 629 4191 accedere
655 4148 682 4191 et
705 4142 917 4210 appropinquare
946 4141 1019 4208 illio,
1045 4156 1154 4211 quarum
1174 4152 1242 4192 con.

139 4214 217 4282 logio
236 4210 297 4266 aliia
315 4212 368 4279 ἱροί
393 4211 602 4276 interdixerant,
628 4220 655 4263 et
673 4213 700 4263 iu
719 4227 784 4281 quaa
810 4212 959 4281 auperbiam
983 4222 1010 4265 ct
1028 4213 1143 4266 dedecui
1161 4212 1242 4281 impia

138 4284 253 4341 audacia
272 4284 435 4339 effuderant:
453 4282 502 4337 red
521 4296 605 4352 equor
623 4284 799 4340 accendentes
827 4300 887 4338 auur
905 4284 998 4355 pancio
1016 4298 1124 4342 numum
1141 4284 1174 4341 τιΙ
1192 4280 1241 4337 oe-'
