3222 5000
534 362 741 430 ursroun.
1000 416 1002 420 a
1143 348 1192 436 53'

100 526 174 598 λείας
195 525 499 605 καίσυνασπισταῖς
530 528 564 603 ἐξ
587 520 721 604 ἅπαντας
741 528 926 614 χριόμενον,
947 527 1004 597 καί
1022 538 1086 607 τοῖς
1107 527 1192 598 ἐκεί-

98 650 152 691 νων
169 624 366 707 βουλεύμασι
388 630 444 690 καί
462 626 621 710 θελήμασι
640 629 893 711 καταχρώμενον.
944 636 1001 716 τῆς
1020 622 1077 697 σόν
1098 635 1192 711 ἕξου-

99 729 163 799 σίσς
183 728 230 801 εἰς
252 724 389 801 πολλοὺς
411 724 466 790 καί
486 730 645 802 ποικίλους
673 729 902 815 διαιρεθείσης,
925 734 980 796 καί
999 735 1062 796 τῶν
1082 757 1191 817 παρα-

100 821 348 890 όυιαστευόντων
383 821 519 905 ἑκάστου
543 821 674 908 βασιλεῖ
692 834 933 917 γαυρουμένσυ,
955 833 1055 907 πολός
1074 857 1191 918 γογγυ-

78 924 171 1005 5σμός
189 926 265 1000 τοός
287 949 320 990 τε
349 926 629 1012 ἀριστοκρατικούς
655 931 710 995 καί
735 932 809 1007 τσός
841 932 1031 1016 δημοτικοός
1059 932 1113 997 διὰ
1135 930 1192 1017 την

99 1026 307 1108 δημοκρατίαν
327 1035 454 1107 κατεῖχε
474 1024 529 1091 καί
543 1027 709 1111 σύγχυσις.
737 1030 863 1095 ἐκείνων
883 1030 943 1114 γὰρ
959 1024 998 1114 ἦν
1016 1030 1051 1096 τό
1074 1033 1193 1117 εὐπρα-

96 1134 158 1208 γεῖν
183 1127 245 1188 τῶν
278 1127 331 1210 τῆς
350 1130 479 1208 μερίδος
502 1129 719 1210 τυγχανόντων
742 1132 849 1195 αὐτῶν
881 1135 937 1197 καί
962 1134 1025 1197 τεόν
1046 1131 1193 1197 ὁπωσοῦν

97 1228 314 1309 προσηκόντων
340 1229 384 1314 τῷ
404 1231 550 1308 βασιλεῖ,
573 1220 632 1293 κόν
656 1253 688 1295 τε
721 1234 897 1296 σπουδαῖον
918 1235 958 1320 τῇ
980 1233 1121 1320 πολιτείᾳ
1142 1236 1192 1296 εί-

96 1326 252 1408 σηττγκαν,
274 1319 332 1390 κόν
353 1348 385 1391 τε
407 1326 510 1391 δεινόν
534 1322 555 1411 ἢ
578 1332 633 1392 καί
655 1323 832 1410 ἄπρακτον·
875 1335 939 1396 τῶν
960 1334 988 1395 δ’
1009 1321 1112 1396 ἄλλων
1133 1327 1191 1395 λό-

67 1446 145 1509 loros
167 1425 289 1506 οὐδείς,
322 1420 371 1492 ότι
390 1423 435 1511 μὴ
456 1429 520 1492 καί
529 1429 651 1508 μᾶλλον
680 1431 869 1509 ἀλαζονείας
891 1430 1005 1516 α’λόγου
1025 1435 1082 1497 καί
1101 1436 1191 1498 κενοῦ

97 1525 281 1612 φυσήματος
303 1531 440 1612 ἐγίνοντο
463 1532 631 1614 πάρεργον.
685 1533 718 1607 ἐξ
749 1522 786 1594 οὗ
810 1534 862 1597 καί
882 1558 930 1610 τις
957 1534 1019 1598 τῶν
1040 1524 1079 1596 εό
1099 1555 1191 1616 γεγο-

97 1622 188 1692 νότων
209 1631 265 1692 καί
285 1632 369 1713 περί·
392 1630 450 1714 τη“ν
471 1625 553 1695 ἓωάν
571 1631 755 1712 ὀνομαστόν
781 1633 838 1698 καί
856 1637 1016 1717 γενναίων,
1034 1631 1192 1708 'laudasse

98 1723 191 1810 ὄνομα
217 1728 400 1816 (Κσμνηνός
425 1734 510 1820 ου’τῷ
533 1731 568 1796 τό
594 1734 799 1819 ἐπώνυμον),
822 1735 990 1817 ὑβρισθείς
1012 1733 1191 1819 παροράσει

98 1835 149 1895 ταί
167 1833 437 1915 προπηλακισθείς
469 1834 626 1914 ω’θισμσῖς
655 1834 769 1913 μεστός
795 1835 887 1911 α’νίας
912 1831 1034 1921 ἐφόνη,
1056 1833 1191 1919 κοίτην

66 1931 266 2017 ιλσνμφορόν
286 1938 513 1999 κοινοπσιεῖταί
522 1959 587 1999 τισι
608 1938 671 1999 ταῖν
692 1936 901 2018 στρατιωτῶν.
945 1934 1191 2020 προεξσιδσόμε-

97 2055 140 2096 νυι
163 2035 199 2098 δὲ
219 2034 274 2096 καί
295 2024 381 2098 οὗτοι
394 2037 432 2123 τῇ
451 2039 514 2099 τῶν
537 2039 708 2118 γινομένων
729 2039 907 2124 α’νωμαλίρ,
930 2035 985 2101 κατ’
1002 2033 1087 2127 λόπη
1112 2060 1192 2119 σογ-

97 2132 317 2216 ιατεγόμενσι,
349 2138 558 2218 παρορμῶσιν
589 2138 634 2209 είς
668 2135 725 2218 τὴν
759 2128 957 2201 ἀποστασίαν
987 2129 1094 2200 αότόν.
1139 2140 1195 2200 ιιαί

97 2231 174 2297 aursi
195 2232 310 2316 μικρόν
338 2235 540 2315 συμβούλους
561 2233 690 2310 ἱκανοὺς
723 2235 1039 2318 προσλαμβάνοντες,
1061 2233 1116 2299 καί
1134 2233 1193 2317 την

98 2333 242 2418 τσιαότην
260 2337 392 2419 μελέτην
414 2334 493 2417 πρός
519 2334 632 2419 καιρόν
651 2336 873 2418 αλδινησαντες,
893 2332 972 2415 μετό
996 2333 1030 2399 τό
1054 2339 1107 2419 τῆς
1130 2338 1194 2416 βα-

63 2436 213 2509 λθσιλίόσς
231 2434 365 2518 α’πσῑραι,
388 2436 503 2519 μικρόν
519 2432 594 2500 ὅσον
610 2432 806 2511 διαλιπόντες
819 2436 1006 2520 όκρησσσυσι
1021 2432 1077 2519 την
1092 2433 1193 2499 ottus

97 2534 148 2597 καί
178 2537 235 2597 τοῦ
260 2539 453 2617 κρατοῦντος
490 2539 636 2620 μυκτῆρα
665 2531 892 2617 καταχεόμενοι
926 2537 1113 2618 ἐπαίρουσιν
1147 2535 1193 2607 εἷς

96 2626 179 2711 ὕψος
210 2634 264 2698 καί
294 2640 453 2719 προόπτσν
487 2635 521 2700 τό
556 2634 781 2717 μελετώμενον.
839 2633 901 2721 πρό
930 2634 1193 2700 ottobonum

98 2730 364 2832 όρχισυμβούλων
393 2730 459 2822 είς,
490 2741 670 2822 Βρυίννυος
693 2726 849 2820 τσόνσμα,
882 2735 1192 2822 Ἀδριανυυπσλιτης,

170 2921 194 2971 1.
213 2920 358 2984 ίξάπαντιι
377 2921 407 2977 G.
514 2920 541 2979 4.
561 2939 594 2975 an
612 2922 790 2993 βασιλιτῶςλ

99 3085 206 3136 omnino
232 3095 358 3152 utentem,
385 3097 411 3139 et
436 3087 543 3141 illorum
572 3089 736 3141 uoluntatem
756 3097 783 3141 et
801 3089 899 3156 plaeita
917 3088 1095 3141 adhibentem.
1133 3104 1193 3141 enm

100 3156 182 3223 igitur
201 3167 317 3224 potestas
336 3160 405 3211 inter
430 3160 526 3212 multos
547 3169 574 3212 et
593 3161 680 3212 varios
700 3161 787 3213 divisa
805 3168 878 3211 esset
896 3167 923 3209 et
943 3175 1050 3221 eorum,
1076 3160 1121 3225 qui
1139 3160 1192 3210 lm.

99 3228 168 3293 perii
187 3231 328 3296 participes
349 3240 439 3294 erant,
459 3247 526 3283 uuus
546 3234 657 3301 quisque
676 3232 752 3300 regio
771 3245 846 3282 more
864 3228 1029 3297 superbiret,
1049 3227 1131 3279 multa
1148 3230 1192 3280 in.

100 3298 218 3365 dignatio
238 3310 265 3352 et
283 3303 424 3367 optimates
445 3311 471 3353 et
490 3303 633 3370 populares
653 3311 762 3369 propter
781 3299 874 3368 populi
892 3300 1032 3367 imperium
1057 3298 1194 3351 obtinebat

100 3378 125 3420 rt
152 3372 280 3424 conlusio.
318 3372 425 3424 illorum
452 3375 521 3424 enim
542 3382 598 3425 orat
617 3388 767 3436 successus,
792 3372 836 3441 qui
856 3386 871 3422 a
889 3378 964 3437 parte
984 3384 1075 3421 eorum
1093 3378 1194 3422 starent

101 3450 126 3492 rt
153 3446 246 3510 quonia
271 3445 349 3495 modo
370 3441 440 3512 regi*
453 3444 547 3496 alfines
568 3453 672 3510 esseut,
692 3446 750 3497 sive
769 3452 905 3496 strenuum
923 3442 1025 3493 civitati
1045 3440 1192 3504 inferrent,

100 3515 159 3564 sive
177 3515 353 3580 periculosum
372 3517 431 3568 sive
451 3517 528 3567 ctiam
548 3533 659 3577 ranum3
685 3524 834 3567 ceterorum
853 3522 939 3566 autem
959 3510 1119 3564 rationulis
1143 3511 1193 3563 ha.

98 3584 225 3649 bebatur,
243 3588 294 3636 nisi
315 3588 384 3653 quod
404 3590 482 3640 etiam
502 3590 585 3656 magis
604 3590 746 3639 iactantiae
766 3587 851 3638 inanis
871 3595 898 3636 et
915 3598 1001 3636 vanae
1025 3584 1194 3651 arrogantiae

100 3656 300 3708 additamentum
331 3659 441 3723 bereut;
462 3676 494 3711 ox
520 3674 573 3726 quo
602 3662 680 3710 otium
705 3656 801 3727 aliquis
829 3656 883 3707 alto
903 3654 965 3706 loco
984 3662 1102 3705 ortorum
1122 3662 1149 3705 et
1166 3656 1194 3706 in

100 3729 206 3776 oriente
230 3728 371 3780 illustrium
399 3740 425 3780 et
443 3731 571 3782 nobilium
601 3730 735 3798 (lanuinus
761 3730 818 3779 eius
846 3741 961 3789 nomen,
990 3725 1141 3779 Comnenus
1169 3728 1193 3777 ei

100 3806 159 3847 erat
181 3806 339 3868 cognomen)
366 3802 481 3868 superbo
501 3810 626 3853 tractatus
644 3800 812 3868 negligentia
831 3805 858 3848 et
877 3805 1024 3847 contemtus
1044 3798 1194 3862 conviciis,

102 3869 200 3933 plenus
217 3873 390 3937 aegritudinis
410 3876 531 3939 apparuit
550 3882 577 3924 et
595 3888 682 3923 casum
704 3870 878 3921 communicat
897 3884 955 3919 cum
975 3868 1129 3937 quibusdam
1141 3870 1195 3920 rui.

101 3939 194 3999 litum3
217 3951 293 3993 auton
312 3944 362 3993 iam
388 3947 496 3995 excitati
517 3946 594 3995 etiam
620 3943 646 3993 bi
667 3943 795 3993 laetorum
814 3940 955 4009 iniquitate
974 3948 1001 3991 et
1019 3940 1126 3991 tristitia
1144 3942 1194 3991 im-

101 4009 172 4075 pleti
191 4011 358 4068 adhortantur
377 4015 408 4066 ad
421 4016 600 4067 delectionem
620 4030 693 4065 eum:
714 4022 741 4063 et
758 4012 834 4064 bravi
855 4012 1022 4063 consciorum
1041 4012 1104 4062 satis
1123 4011 1195 4063 nacti

101 4089 128 4131 et
148 4080 227 4133 talem
248 4085 443 4137 meditationem
463 4088 531 4138 iusto
543 4094 662 4151 ternpore
681 4086 814 4151 parientes
834 4090 894 4151 post
903 4084 1014 4152 reginae
1032 4082 1093 4144 iter,
1113 4095 1195 4149 parvo

100 4153 242 4205 interiecto
261 4164 381 4223 tempore
400 4166 575 4225 prorumpunt
593 4166 713 4224 partum:
734 4164 760 4207 et
779 4155 931 4223 imperantis
940 4153 1091 4221 superbiam
1108 4152 1195 4203 effun-

100 4224 200 4275 tentos
226 4226 322 4278 tollunt
347 4229 374 4279 iu
403 4228 568 4280 altitudinem
599 4236 625 4277 at
653 4226 799 4278 claritatem
826 4226 1014 4293 excogitatum.
1059 4229 1120 4272 anto
1146 4220 1195 4269 bns

101 4302 197 4346 sotem
221 4300 317 4364 primos
346 4302 470 4354 conscios
499 4316 567 4351 unus
585 4298 737 4367 Bryennius
762 4298 848 4353 dietus
866 4293 1117 4361 adrianopolitanus
1143 4290 1195 4342 dux
