3168 4988
576 264 782 331 mertinis.
934 304 940 309 -
1143 264 1240 381 2931

100 432 302 512 νομίσαντες
330 431 450 495 πλοῦν·
492 430 548 491 καί
578 426 613 491 τό
636 424 798 505 βασιλειον
819 427 962 516 διάδημα
990 437 1025 501 ὃν
1045 442 1138 519 θείας
1156 445 1222 528 χά-

100 557 201 619 ριτος
224 530 448 616 θπεβραβεόθη
458 551 527 614 μοι,
551 531 606 592 καί
626 526 644 609 ἦ
668 532 724 597 reti
752 531 831 592 θεοῦ
850 536 953 612 κρίσις
975 528 1037 620 ἤδη
1057 540 1109 605 τόν
1130 541 1221 628 ἔλεγ-

101 658 174 719 χον
194 637 252 699 ναί
271 630 306 698 τό
319 633 529 712 ,α’ποτέλισμα
551 631 605 713 τῆς
626 625 819 714 α’ποφόσεονς
847 634 974 700 δέδωκε.
1017 640 1057 703 οὐ
1084 644 1119 707 δὲ
1140 672 1220 729 προ-

103 734 215 819 σεχὴς
235 734 275 820 τῇ
294 733 509 817 βασιλευούσῃ
530 725 706 811 τυγχάνων,
730 726 784 792 καί
799 730 852 794 διό
875 736 932 796 τοῦ
954 735 1038 800 ἰδίου
1060 742 1220 810 οόταδδλ-

73 858 182 923 5φσυ
204 832 357 914 δυνάμεις
385 825 614 913 στρατιωτικός
647 828 817 913 ἐπιστήσας
849 832 931 921 αὐτῇ
959 839 1134 905 καὶπολλὰ
1154 847 1220 908 θυ.

104 933 290 1019 ραυλησας,
309 935 349 996 ου’
369 929 465 1014 μόνον
481 927 607 1008 α’νοὶξιος
629 932 757 1014 διιρίθης
772 933 829 995 τοῦ
848 933 1042 1021 πράγματος,
1063 938 1144 1005 ἀλλὰ
1165 951 1221 1012 καί

102 1030 249 1121 ὕβρεσιν
268 1033 449 1119 ἧτιμοίσθης
469 1037 601 1105 πολλοῖς
625 1033 681 1094 καί
700 1035 879 1113 παροινίαις
892 1031 1039 1120 όβληθης.
1061 1039 1117 1104 καί
1137 1043 1217 1110 κατὰ

102 1139 210 1202 τοῦτο
236 1137 295 1198 ουίι
317 1132 382 1198 ἔδει
404 1155 441 1196 σε
466 1129 547 1212 μετὰ
569 1128 625 1215 τὴν
657 1129 737 1215 ἐμὴν
767 1130 976 1215 ἀναγόρευσιν
1006 1136 1046 1203 τοὶ
1079 1144 1219 1224 κρίματα

102 1239 170 1303 τοῦ
192 1238 272 1301 θεοῦ
293 1235 542 1316 καταιδεσθῆναι
565 1236 619 1296 καί
636 1235 821 1314 συμβαλεῖν,
843 1238 899 1297 καί
920 1235 1154 1321 διανοήσασθαι
1177 1242 1217 1309 τό

56 1360 92 1414 10
102 1331 345 1421 συμβεβηκότα,
369 1329 418 1397 ότι
441 1332 519 1415 ὑπὲρ
545 1332 747 1416 ἀνθρωπίνην
765 1332 846 1397 εἰσίν
864 1334 980 1417 ι’σχόνς
1000 1336 1070 1402 dtt‘
1092 1335 1219 1426 όλόττῆ·

103 1463 172 1514 σας
195 1440 252 1501 καί
271 1432 351 1500 κατὰ
366 1435 428 1500 τεόν
441 1428 637 1516 δεδογμένων
652 1432 737 1521 αὐτῷ
756 1435 798 1519 τῷ
818 1438 885 1521 θεῷ
899 1435 954 1499 καί
972 1443 1040 1502 κατ’
1060 1442 1141 1521 ἐμοῦ
1162 1440 1221 1507 τοῦ

105 1542 191 1622 παρ’
212 1537 333 1601 ἐκείνου
354 1535 612 1617 προβεβλημένου
639 1530 695 1595 καί
714 1532 816 1616 πάσης
844 1532 925 1613 ὁμοῦ
947 1539 1004 1620 τῆς
1023 1539 1219 1615 βασιλευσό-

106 1662 182 1724 σης,
200 1639 256 1701 καί
276 1629 360 1698 όπλα
377 1632 556 1718 ἐτόλμησας
571 1625 660 1717 ἆραι,
683 1631 739 1697 καί
759 1628 970 1719 οἷνθριοπίνοιν
990 1643 1118 1721 σαρκοόν
1139 1638 1218 1705 eino·

106 1740 297 1823 γεύσασθαι
320 1737 495 1818 insaniem,
516 1730 572 1797 καί
591 1730 754 1816 θεόμαχος
782 1736 816 1797 tv
836 1732 974 1823 τοσοόιιρ
995 1742 1144 1821 γενέσθαι
1164 1747 1220 1808 καί

60 1859 96 1912 15
105 1841 167 1923 ”li
201 1835 289 1921 ἱεροῖς
319 1832 495 1919 σογνληλου
527 1838 582 1898 καί
609 1834 662 1917 τῆς
684 1831 822 1898 συνόδου
849 1840 996 1919 πολέμιος
1017 1841 1073 1904 καί
1093 1837 1218 1908 πόντων

106 1939 178 2002 τῶν
201 1932 486 2020 πειθαρχηοόντοον
507 1943 574 2009 τοῖς
596 1937 696 2006 θείοις
720 1931 828 2013 νόμοις
847 1934 904 1999 καί
920 1941 1080 2019 κρίμασιν.
1113 1936 1140 2005 d
1165 1945 1219 2024 τῆς

107 2038 227 2111 ἀνοίας
251 2038 307 2120 τῆς
336 2039 414 2117 σῆς,
438 2028 486 2099 ότι
517 2036 598 2120 μηδὲ
622 2030 656 2098 τό
682 2032 854 2118 πρόχειρον
885 2039 980 2101 τοῦτο
1008 2042 1144 2122 συνῆκας
1165 2043 1218 2106 καὶ

108 2136 326 2219 κατενόησας,
361 2134 405 2211 ὥς
440 2132 474 2199 τό
498 2135 652 2223 ᾀδόμενον
680 2143 837 2217 στοιχεῖον
859 2134 894 2200 τό
925 2140 959 2200 Ν
981 2136 1100 2201 οἷπλοῦν
1114 2137 1217 2219 μόνον

107 2242 166 2303 καλ
188 2236 227 2299 osi
243 2239 377 2301 διπλοῦν
406 2244 472 2312 τοῖς
505 2237 608 2300 ταότα
634 2238 886 2302 νατασκοποῦσιν
913 2235 1106 2319 εόριλτιιετο.”
1157 2239 1213 2301 καί

60 2335 216 2419 portensi
252 2333 346 2418 ἕτερα
368 2336 591 2420 δημηγορήσας
608 2334 738 2419 εόφυοῖς
763 2329 779 2397 ό
801 2335 938 2420 κρατῶν,
963 2340 1020 2401 sni
1039 2340 1216 2421 καταγνοὺς

109 2435 232 2504 τοότου
251 2434 384 2521 μακρόν
405 2435 461 2519 τὴν
481 2433 657 2520 είὴθειαν,
679 2437 835 2499 ἀπέλυσεν
858 2435 954 2501 αότόν
974 2438 1020 2512 εἷς
1039 2436 1095 2503 τόν
1116 2463 1217 2504 κατα-

112 2541 270 2620 γέλαστον
289 2535 450 2621 θρίαμβον
469 2533 549 2617 μετόι
571 2537 635 2600 τεόν
657 2532 791 2620 πριότοιν
813 2542 867 2622 τῆς
890 2540 1072 2620 συμμορίας
1094 2537 1214 2606 adrev.

207 2630 338 2718 Ἕτερον
369 2638 403 2703 δὲ
428 2638 541 2701 ου’δὲνα
566 2641 630 2701 τῶν
652 2628 755 2702 ἄλλων
786 2640 827 2701 δι’
849 2639 988 2719 αἵματος·
1003 2637 1151 2723 η’νίσχετο
1171 2665 1218 2705 τι·
1246 2647 1249 2651 ’

112 2741 267 2825 μαρῆσαι
299 2736 315 2802 ό
336 2730 522 2821 βασιλεόςς
539 2737 620 2803 σ’λλοὶ
644 2741 700 2803 καί
717 2742 839 2821 μᾶλλον
861 2738 987 2807 ἰσόθεον
1006 2744 1138 2827 πρᾶγμα
1160 2765 1219 2808 πε-

115 3020 218 3074 dieinm
237 3018 288 3070 ism
308 3019 493 3070 documentum
513 3025 540 3070 et
559 3025 683 3071 eventum
702 3021 852 3072 sententiae
871 3021 958 3083 dedit,
977 3028 1006 3072 tu
1025 3029 1117 3074 contre
1126 3022 1218 3075 inter.

115 3102 161 3145 tus
180 3091 274 3160 regiae
294 3097 321 3143 et
339 3105 387 3157 per
408 3089 515 3142 fratrem
533 3092 619 3156 ipsum
637 3104 728 3141 menes
746 3088 877 3141 militnres
895 3091 1035 3156 imponens
1055 3094 1080 3141 ei
1102 3100 1129 3142 et
1146 3092 1219 3144 mul.

117 3173 175 3217 tum
196 3162 246 3214 dub
266 3161 309 3213 din
330 3168 469 3225 versutus,
496 3176 563 3232 non·
575 3159 661 3212 solum
680 3161 805 3226 indignus
825 3160 956 3211 iudicatus
977 3176 1006 3211 es
1025 3176 1054 3212 re
1073 3162 1120 3213 sed
1140 3164 1220 3213 etism

116 3233 246 3301 superbie
274 3232 417 3301 neglectus
443 3247 471 3284 es
496 3232 595 3295 multe,
623 3242 651 3283 et
676 3231 779 3282 insanie
802 3231 873 3282 ictus
898 3247 944 3282 es:
970 3238 1051 3298 etque
1075 3239 1219 3299 propterea

115 3319 210 3357 nonne
230 3305 349 3370 oportuit
363 3312 390 3354 te
409 3311 470 3371 post
487 3318 572 3355 meam
590 3304 814 3354 renuntiationem
826 3302 925 3354 iudicia
942 3301 985 3353 dei
1004 3305 1093 3354 vereri
1104 3311 1132 3352 et
1150 3317 1219 3372 cog.

116 3390 235 3429 noscere
255 3382 282 3426 et
301 3376 420 3443 cogitare
439 3374 508 3426 lecte
526 3389 605 3442 supra
624 3374 759 3425 hominum
779 3389 839 3425 esse
856 3375 1021 3440 potentiems
1040 3375 1086 3427 sed
1114 3375 1218 3425 inseni.
1264 3389 1267 3393 ·

115 3448 182 3501 visti
202 3455 230 3498 et
248 3452 341 3497 contre
360 3462 407 3511 ee,
432 3461 500 3513 quse
525 3453 622 3497 stetute
649 3454 725 3497 erent
749 3445 782 3497 eb
803 3447 862 3512 ipso
887 3445 948 3509 deo,
969 3453 996 3495 et
1014 3453 1105 3497 contre
1124 3460 1166 3496 me
1185 3445 1218 3496 sb

115 3519 168 3571 illo
188 3524 305 3569 ereetum
326 3526 353 3567 et
375 3525 465 3569 contre
494 3524 574 3569 totnrn
602 3517 681 3569 simul
700 3518 818 3585 reginen,
839 3526 865 3568 et
882 3532 954 3567 arms
973 3532 1053 3568 susus
1072 3532 1101 3569 es
1121 3530 1219 3582 cepere
1297 3564 1304 3579 ,

117 3599 146 3643 et
163 3590 298 3641 hominurn
324 3588 446 3640 carnibus
474 3588 526 3640 imi
554 3588 664 3642 noluisti
692 3596 719 3639 et
745 3588 796 3639 deo
824 3589 992 3640 sdversarius
1019 3588 1086 3640 sdeo
1114 3586 1173 3639 lieri
1193 3594 1220 3639 et

114 3663 204 3715 saneti
219 3668 366 3712 conventus
386 3668 414 3711 et
430 3659 539 3711 concilii
557 3660 642 3713 hostis
662 3669 689 3712 et
702 3662 828 3725 omniurn,
847 3661 892 3727 qui
914 3667 1039 3725 parerent
1057 3658 1154 3711 divinis
1174 3659 1218 3711 le.

114 3733 196 3804 gibus
216 3740 244 3784 et
261 3731 383 3784 iudiciis:
414 3731 468 3783 heu
486 3731 687 3797 imprudentiam
709 3739 799 3794 tunm,
820 3731 890 3798 qued
909 3745 943 3780 ne
962 3738 1092 3797 promtum
1112 3730 1219 3799 quidem

115 3807 171 3858 hoc
188 3801 348 3855 intellexisti
369 3809 396 3853 et
413 3803 638 3866 animadvertisti,
657 3803 821 3853 decantatam
840 3800 981 3853 literemli
1000 3799 1149 3867 simplicem
1170 3817 1219 3855 ιο.

17 3892 21 3899 ·
115 3878 183 3939 lum,
203 3889 291 3942 neque
310 3872 444 3940 duplicem
454 3872 518 3925 telin
532 3872 719 3925 meditantibus
737 3873 862 3925 inveniri.
881 3879 961 3938 etque
980 3879 1118 3939 postquem
1137 3873 1220 3926 mults

114 3948 170 4000 slis
185 3945 293 3997 loeutus
314 3953 355 3995 est
371 3945 513 4012 ingeniose
527 3946 672 4010 imperator
688 3951 715 3994 et
731 3942 904 4009 reprehendit
922 3943 1000 3994 huius
1012 3958 1133 4013 inignem
1152 3947 1218 3996 sim.

113 4019 277 4088 plicitetem
296 4015 395 4068 dimisit
414 4031 473 4066 enm
492 4016 524 4066 ed
543 4014 684 4066 ridiculum
703 4013 862 4080 triumphum
882 4030 941 4065 enm
960 4014 1126 4082 principibus
1145 4014 1218 4066 cles-

112 4093 153 4144 sis
173 4090 242 4141 eim.

208 4175 298 4229 Alium
317 4173 516 4228 entemnullnm
536 4175 606 4227 inter
623 4176 869 4243 ceterossengnine
887 4173 1034 4227 sustinebat
1052 4170 1146 4225 ulcisci
1164 4186 1223 4239 rex,
