3222 5000
400 334 450 415 tt
709 347 928 421 meamus
959 348 1218 420 smnuroms

401 516 578 603 στρατηγὸς
598 518 661 583 τῶν
686 518 911 583 Καππαδοκῶν
923 515 1183 595 ἣκαθιστάμενος,
1205 516 1509 593 καταδυναστεέσας

402 614 425 702 ἢ
446 622 567 699 μᾶλλον
588 618 686 683 εἰπεῖν
698 618 864 702 α’πατησας
884 616 938 683 τὸν
949 615 984 682 έκ
1005 618 1162 700 βασιλέως
1184 616 1404 683 ἀποσταλέντα
1425 616 1509 701 πρὸς

403 724 590 803 διανέμησιν
621 721 683 787 τῶν
711 722 947 799 στρατιωτικῶν
981 717 1147 803 δψωνίων,
1179 721 1375 805 ἐχειρώσατο
1395 720 1509 783 τοῦτον

403 825 459 893 καί
479 823 606 902 δεσμοῖς
626 822 842 911 καθυαίβαλε.
869 820 1110 885 διαναστάντων
1136 821 1171 883 δέ
1191 820 1236 897 εἷς
1258 815 1416 905 ἐκδίκησιν
1435 813 1511 884 ἑτέ-

405 947 469 1005 ρων
490 923 695 1003 στρατιωτῶν
726 923 790 987 τῶν
807 943 841 985 τε
871 921 997 1000 δεσμῶν
1026 920 1140 1005 α’νείθη
1163 910 1278 1001 οὗτος,
1300 918 1357 986 καί
1374 917 1430 985 τδν
1451 922 1536 990 uls-5

404 1024 582 1109 δεσμηκδτα
599 1023 870 1105 κατεργασάμενος
895 1020 957 1085 τῶν
980 1019 1161 1105 ὀφθαλμῶν
1195 1020 1401 1104 ἀπεστέρησε.
1444 1021 1511 1106 φέ-

403 1124 459 1202 βος
480 1109 537 1181 οὖν
557 1117 821 1199 κατασχῶντούς
843 1121 900 1202 τῆς
922 1120 1019 1201 αὐτῆς
1041 1122 1085 1206 τῷ
1107 1123 1287 1205 πηρωθέντι
1322 1118 1512 1183 κεκοινωκό-

403 1243 462 1294 τας
481 1220 613 1303 μελέτης
635 1217 811 1303 ἠνάγκασεν
831 1213 976 1302 ἁρπάσαι
997 1217 1036 1284 ια’
1061 1216 1143 1284 ὅπλα
1166 1221 1221 1283 κατ’
1241 1221 1511 1303 προκινδυνεῦσαι

403 1321 537 1402 ταχέως,
558 1322 614 1383 καί
632 1317 676 1400 μη
700 1316 866 1400 σποράδας
889 1323 1054 1404 ληφθῆναι
1076 1320 1131 1384 καί
1150 1324 1267 1385 παθεῖν
1281 1318 1319 1384 τῶ
1341 1316 1511 1403 α’νηκτοτα.

407 1427 575 1506 γενομένης
597 1421 710 1486 τοίνυν
739 1423 795 1504 τῆς
816 1421 1029 1504 συγκινησεως
1053 1424 1126 1506 περί
1154 1421 1212 1496 τῶς
1235 1420 1365 1503 έαρινῶς
1387 1421 1512 1503 τροπὰς
1523 1435 1554 1488 10

270 1530 290 1585 l.
304 1529 353 1585 til
368 1545 396 1586 τ.
406 1525 596 1605 προσέθεντο
618 1516 739 1595 τούτοις
760 1524 879 1600 πολλοί,
901 1522 957 1585 καί
970 1518 1191 1606 καθημερινην
1208 1517 1433 1604 λαμβανούσης
1452 1524 1514 1605 τῆς

407 1620 603 1695 α’ποστασίας
623 1619 796 1706 ἐπαύξησιν
817 1623 863 1696 τίς
882 1625 963 1704 μέγα
977 1625 1099 1705 πλῆθος
1120 1621 1138 1705 p*
1156 1619 1369 1703 ’συνέθροισις
1391 1622 1511 1704 γέγονε.

407 1725 462 1793 καί
483 1719 713 1804 ἀναγορεύουσι
736 1721 914 1806 στρατηγόν
928 1716 1147 1805 αὐτοκράτορα
1170 1721 1227 1785 τόν
1248 1718 1514 1805 οίρχισῶμβουλον

405 1821 558 1889 ’ίσαῶκιον
583 1820 639 1886 τὸν
664 1816 839 1907 Κομνηνίιν.
897 1826 1117 1902 μετατίθενται
1145 1824 1180 1886 δέ
1216 1818 1296 1903 πρὸς
1328 1818 1381 1885 τὸν
1407 1822 1442 1885 έν
1473 1824 1514 1910 τη·

408 1921 571 2000 Βύζαντος
593 1926 727 2004 βασιλέα
743 1922 857 2005 συχνοί
876 1925 940 1990 τῶν
960 1926 995 1987 έν
1017 1925 1072 2006 τῆς
1090 1917 1173 1998 idac
1194 1923 1411 2004 στρατιωτῶν.
1455 1924 1516 1986 καί
1524 1943 1557 1995 ι5

408 2020 427 2088 θ
447 2027 515 2105 μέν,
540 2019 555 2087 ὁ
584 2023 761 2107 Κομνηνός,
782 2025 857 2100 τούς
890 2028 925 2089 ίκ
950 2023 1065 2108 ταύτης
1093 2017 1160 2106 είχε
1180 2021 1299 2104 μόνους
1318 2026 1515 2103 συντιθεμέ-

407 2150 480 2201 νους
501 2127 601 2214 αδτῶ,
623 2121 638 2190 ὃ
662 2127 696 2189 δέ
717 2124 773 2191 καί
791 2126 866 2201 τούς
880 2129 1093 2210 προσρυέντας
1116 2126 1237 2189 ίκείθεν
1258 2125 1313 2189 καί
1325 2127 1433 2190 πᾶσαν
1454 2122 1516 2208 την

407 2221 560 2308 έσπερίαν
582 2222 730 2307 δυ’ναμιν.
776 2229 963 2310 εὐτρεπίσας
982 2228 1018 2290 δέ
1041 2223 1094 2291 διαὶ
1118 2221 1243 2291 πόντων
1262 2220 1419 2307 στρατιῶν
1438 2220 1517 2288 λκα-

408 2327 475 2411 νη’ν,
495 2331 529 2393 έκ
551 2332 607 2412 τῆς
628 2329 785 2414 Εῶρῶττης
807 2330 851 2405 εἰς
867 2328 976 2393 Ἀσίαν
997 2324 1073 2413 τούς
1093 2322 1288 2410 στρατιῶτας
1311 2328 1518 2409 διαπεραιω-

408 2431 507 2513 θῆναι
530 2430 690 2512 πεποίηκε.
741 2432 803 2494 κατ’
829 2432 926 2512 μέχρι
946 2429 1002 2510 τῆς
1023 2428 1240 2510 Νικομηδείας
1262 2422 1435 2511 γενόμενοι,
1460 2425 1521 2491 καί
1527 2439 1565 2493 2⁰

408 2525 462 2601 τὰς
484 2526 599 2611 σκηνὰς
619 2524 720 2592 έκεῖσε
731 2525 914 2613 πηξάμενοι,
934 2525 991 2612 την
1012 2529 1076 2592 τῶν
1090 2526 1237 2591 ίναντίων
1253 2524 1409 2607 ὑπέμενον
1430 2522 1520 2611 ipo·

410 2626 478 2689 δον·
522 2621 566 2701 ῶς
587 2628 616 2691 d’
638 2624 767 2708 ἔμελλεν
787 2622 888 2711 αὕτη,
919 2630 955 2693 έκ
983 2623 1225 2710 προστάγματος
1254 2627 1425 2708 βασιλικοῦ
1446 2633 1520 2701 τοῖς

410 2727 465 2808 τῆς
493 2729 633 2802 Νικαίας
661 2725 760 2811 δρίοις
793 2728 1102 2815 προσεμπτλιίζουσι.
1159 2722 1406 2810 προκαταλαβῶτ
1437 2725 1475 2793 δέ
1500 2726 1520 2789 d

482 2917 508 2971 7.
527 2920 584 2978 τῶν
598 2924 789 2991 πηρωθέντων
808 2921 838 2978 0.
946 2925 991 2979 aa
1010 2923 1042 2979 έκ
1059 2936 1101 2976 om
1120 2922 1151 2977 0.

414 3108 600 3177 cappadocum
620 3108 705 3163 lactus
725 3111 835 3163 vincens
854 3112 914 3165 slva
932 3113 1022 3180 potius
1042 3109 1139 3165 lnllcns
1159 3127 1238 3175 eum,
1264 3111 1309 3181 qui
1329 3127 1344 3163 a
1362 3126 1429 3233 τερα
1447 3114 1525 3169 mis.

413 3198 458 3233 ans
487 3187 545 3231 erat
563 3180 594 3231 ad
613 3182 867 3234 administrationem
892 3184 1044 3235 militarium
1072 3184 1280 3251 stipendiorum,
1307 3184 1378 3251 cepit
1415 3199 1471 3235 nnc
1495 3195 1527 3237 et

412 3255 439 3303 in
460 3251 569 3304 vincula
587 3254 661 3304 iecit.
700 3269 758 3306 cum
784 3262 870 3305 autem
896 3255 1075 3306 surrexissent
1099 3254 1131 3305 ad
1150 3254 1279 3306 ultionem
1299 3256 1383 3306 ceteri
1402 3254 1526 3321 milites,

412 3321 529 3373 uinculis
557 3323 685 3376 liberatus
711 3332 752 3375 ast
776 3324 820 3374 hic
848 3334 874 3375 et
903 3342 980 3389 eum,
1009 3327 1055 3395 qui
1079 3341 1110 3376 so
1136 3326 1277 3390 vinxerat,
1302 3335 1407 3392 captum
1426 3327 1528 3380 oculis

413 3392 538 3460 privarit.
576 3404 662 3446 metus
682 3396 763 3461 igitur
782 3410 916 3463 occupans
930 3411 986 3460 eos,
1006 3397 1051 3467 qui
1071 3397 1189 3449 eiusdem
1208 3413 1267 3447 cum
1288 3398 1427 3464 expunctis
1445 3412 1528 3451 ocu.

415 3464 455 3515 los
474 3466 618 3532 participes
639 3466 745 3517 lucrant
764 3466 957 3531 meditationis,
983 3469 1074 3534 coegit
1092 3483 1188 3534 rapere
1206 3484 1278 3519 armn
1299 3476 1326 3518 et
1344 3477 1423 3519 antea
1444 3484 1529 3537 pug-

413 3550 472 3586 nam
493 3538 608 3601 experiri
629 3537 770 3599 celeriter,
792 3545 819 3586 et
837 3553 951 3603 cavere,
970 3555 1005 3589 nc
1024 3540 1136 3605 dispersi
1156 3547 1315 3605 caperentur
1335 3547 1362 3589 et
1380 3539 1529 3592 intolera.
1601 3604 1602 3607 η

412 3605 478 3655 tntis
496 3614 660 3671 paterentur.
700 3607 769 3659 lacta
789 3608 871 3677 igitur
890 3611 1089 3676 conspiratione
1109 3611 1180 3661 circa
1199 3610 1272 3661 reris
1291 3618 1394 3677 tempus
1418 3609 1529 3663 solsti-
1601 3648 1602 3663 ι

413 3672 487 3737 tlale,
508 3679 642 3729 coniuncti
662 3688 724 3730 suut
743 3695 802 3729 cum
821 3678 862 3730 liis
881 3679 966 3745 multi,
987 3690 1090 3733 etcum
1110 3681 1230 3749 quotidie
1249 3684 1384 3748 acciperet
1395 3680 1529 3733 delectio

413 3746 613 3810 secessionem,
642 3751 674 3801 ad
693 3765 814 3817 magnam
833 3750 1027 3802 multitudinem
1046 3754 1223 3821 congregatio
1242 3753 1347 3803 crevit:
1368 3760 1395 3802 et
1420 3764 1531 3805 creant

414 3814 507 3863 sluccm
533 3825 560 3865 ct
583 3818 716 3871 dominnm
742 3823 890 3888 principem
915 3821 1254 3886 lsaalcium⁸comnenum3
1280 3824 1531 3889 transgrediuntur

414 3889 502 3933 nutem
522 3886 553 3935 sd
572 3903 663 3955 regem
681 3891 804 3956 Byzantii
825 3901 975 3945 versantem
994 3893 1069 3944 multi
1089 3892 1259 3945 orientalium
1279 3894 1412 3955 militum3
1432 3902 1532 3964 etque

415 3954 567 4005 Comnenus
595 3960 700 4023 quidem
730 3977 765 4010 ox
793 3961 842 4013 luae
868 3972 938 4015 terra
966 3964 1039 4015 solos
1065 3965 1224 4015 coniunctos
1244 3966 1293 4015 sibi
1315 3962 1439 4026 habehat,
1476 3966 1531 4019 lsic
1599 3980 1600 3995 ¹

414 4031 501 4073 nutem
521 4026 600 4075 etism
619 4029 663 4093 qui
684 4028 758 4082 illinc
779 4032 941 4085 adduxerant
960 4042 987 4084 et
1006 4050 1109 4086 omnem
1129 4035 1322 4087 occidentalem
1334 4036 1397 4085 rim.
1438 4052 1535 4090 corn.

415 4110 515 4177 piscans·
534 4103 621 4146 autem
647 4101 754 4150 omuino
780 4106 923 4155 exercitum
948 4114 1036 4172 aptum
1062 4121 1095 4156 es
1119 4106 1227 4174 Europa
1251 4108 1278 4156 iu
1304 4108 1396 4158 Asiam
1415 4108 1536 4163 milites

414 4165 545 4217 tradunt:
574 4175 654 4237 atque
682 4185 741 4220 cum
766 4186 850 4241 usquc
878 4177 909 4226 ad
936 4174 1114 4230 Nicomediam
1144 4178 1281 4229 venissent
1309 4186 1336 4228 et
1364 4184 1458 4229 castra
1491 4181 1535 4236 ibi

414 4220 543 4301 odissent,
562 4237 676 4309 hostium
697 4243 885 4329 exspectabant
903 4249 1044 4313 impetum:
1064 4250 1108 4315 qui
1128 4263 1186 4299 cum
1205 4250 1317 4300 instaret
1335 4248 1411 4300 iussu
1431 4256 1535 4325 regis,

1430 4484 1450 4515 1
