3182 4986
593 369 803 443 nisrontl.
1177 374 1247 446 133

144 541 278 604 συνοῦσι
293 535 350 602 τόν
369 540 404 604 dx
426 540 482 623 τῆς
502 540 685 624 δυσχωρίας
705 540 765 623 οὐχ
785 530 911 624 ἥττονα.
945 524 1092 606 (διελθοόν
1112 541 1171 625 γόρ
1194 524 1250 607 διό

145 641 272 705 πολλῶν
304 642 463 725 τραχινοόν
492 641 546 704 καί
577 635 746 723 δυσβάτων
770 640 875 728 λόφων
897 643 943 717 τίς
969 640 1043 717 τοός
1064 640 1250 725 λεγομένους

145 742 279 816 Ἀνθίας
299 738 379 820 μετό
397 743 455 825 τῆς
475 736 726 826 δπολτιφθείοης
748 740 836 828 edepl
857 745 1008 825 στρατιαῖς
1021 746 1247 827 κατικομίσθη.

146 840 270 907 ἔστιδ’
303 840 320 905 ό
348 841 445 916 τόπος
472 842 505 920 ἐξ
527 841 692 927 ὑπωρειῶν
718 839 864 926 μεγάλων
894 845 977 926 α’ριόν
997 840 1121 917 πεδινός
1141 827 1176 905 τε
1196 841 1253 907 καί

118 936 297 1025 οιόυδρος,
322 939 378 1006 καί
395 950 463 1017 ταῖς
486 944 683 1026 δυσχωρίαις
712 938 932 1026 όνειλημμίνος
957 944 1168 1027 ψυχαγωγίαν
1189 942 1252 1025 οδχ

145 1038 263 1127 ἥκιστα
285 1050 351 1116 τοῖς
381 1045 589 1124 καταίρουσιν
611 1040 644 1107 όν
665 1045 764 1132 scorp
786 1040 903 1133 όνίησι,
926 1035 1087 1129 ποηφόρος
1103 1036 1176 1125 δόμοι
1196 1041 1254 1106 καί

146 1138 320 1229 σιτοφόρος
350 1140 516 1225 τυγχάνων
547 1144 602 1206 καί
631 1134 697 1207 οἷον
725 1135 915 1226 όμφαλόςῆ
944 1148 1086 1222 ταμιείου
1114 1144 1170 1224 τῆς
1193 1145 1251 1226 γῆς

146 1246 270 1328 ἐκείνης
290 1244 347 1307 καί
367 1243 475 1306 πεδίον
489 1246 625 1328 τρυφῆς.
682 1242 800 1328 ἡμέρας
823 1235 879 1308 σόν
898 1246 999 1310 destos
1019 1243 1249 1325 στρατοπεδευ-

146 1334 287 1421 σόμενος
308 1341 325 1405 ό
347 1340 507 1424 βασιλεός,
528 1339 584 1406 καί
614 1340 669 1408 τόν
693 1345 819 1425 Ταῦρον
838 1340 872 1406 τό
899 1333 982 1428 ὅρος,
1002 1338 1056 1407 τόν
1079 1339 1166 1424 παραὶ
1186 1351 1250 1419 τοῖς

101 1437 315 1526 ςρὴχωριόις
337 1439 532 1523 ιιαλοόμενον
553 1441 759 1528 Μοόζουρον,
782 1436 926 1526 όπερβός
951 1443 1107 1516 ἐπιπόνως
1127 1445 1173 1521 είς
1190 1440 1250 1526 τήν

146 1545 325 1626 Κελεσίνην
346 1540 455 1626 χώραν
476 1537 656 1628 κατήντησε,
679 1542 792 1624 διαβὰς
814 1539 850 1607 τό
875 1539 1023 1627 δεότερον
1043 1538 1098 1606 τόν
1113 1540 1252 1628 Εδφρό-

144 1666 205 1726 την
233 1644 404 1726 ποταμόν,
435 1634 611 1719 κατοότοός
640 1641 802 1727 ιίριιτοόους
835 1643 1001 1728 πρόποδας
1027 1643 1086 1705 τοό
1121 1638 1250 1727 Ταόρου

145 1742 237 1827 παρὰ
260 1744 297 1809 τό
320 1749 417 1828 μέρος
438 1745 538 1809 εἰιείνο
558 1749 789 1829 παραρρέοντα,
809 1743 865 1810 ιιαί
880 1744 1067 1829 διαιροῦντα
1086 1744 1156 1809 τότε
1171 1735 1251 1837 ιόρος

145 1846 204 1908 οιαὶ
232 1844 290 1930 την
314 1847 488 1930 Κελεσίνην
519 1837 625 1927 ιόσπτρ
659 1840 820 1928 μεθόριον.
874 1841 907 1907 όν
929 1839 1028 1930 ταότη
1052 1836 1109 1908 οὖν
1130 1839 1252 1929 ἡμέρας

101 1972 136 2025 15
145 1943 238 2020 τινας
267 1945 471 2020 αόλισθόντος
491 1947 550 2010 τοό
569 1946 805 2029 στρατοπέδου,
837 1941 929 2030 φήμη
952 1968 1001 2020 τις
1028 1945 1178 2029 είσορρόη
1198 1943 1253 2009 τόν

145 2039 386 2131 όπολειφθόντα
409 2043 548 2129 στρατόν
568 2046 615 2122 εἰς
636 2042 694 2128 τόν
714 2046 778 2108 τοόν
795 2036 946 2127 Τοόριτων
966 2043 1148 2110 α’ντίστασιν
1161 2039 1251 2130 μα’χη

145 2148 205 2207 ναί
218 2148 346 2230 πολόμφ
369 2150 526 2231 κραταιιός
545 2145 721 2231 ἡττηθῆναι
735 2148 790 2208 καί
810 2144 945 2219 πολλοὺς
967 2134 1156 2228 α’πολόόθαι,
1177 2140 1252 2216 τοός

146 2246 180 2308 δ’
204 2240 397 2320 όπολοίπους
422 2247 497 2329 περί
525 2244 582 2311 τόν
617 2249 744 2330 Ταῦρον
766 2245 967 2328 διασωθῆναι
1000 2239 1034 2307 τό
1059 2235 1252 2326 όρος,·ἔγγι-

146 2345 210 2412 ord
232 2366 302 2441 πουἱ
318 2347 376 2409 τοῦ
398 2349 536 2428 πολέμου
568 2348 793 2433 γεγενημένου,
822 2347 881 2409 καί
895 2344 957 2407 ποό
977 2366 1064 2417 τινας
1085 2339 1252 2425 σποράδας

96 2447 197 2529 φρεῑς
218 2445 277 2531 την
299 2445 503 2531 παρεμβολὴν
522 2450 666 2529 εἰσιέναι,
688 2445 743 2510 νιαό
762 2441 877 2520 όλλους
899 2446 957 2509 ουίι
976 2445 1102 2528 ὀλίγους
1125 2443 1215 2521 ίλτιίζ
1231 2481 1251 2495 ·

144 2551 241 2614 σθαι.
274 2540 314 2632 ἧν
334 2548 370 2612 δὲ
391 2548 431 2612 οδ
450 2545 582 2632 ψευδής,
607 2546 649 2623 ὥς
670 2548 883 2631 οίληθίζεοθαι
904 2540 1069 2611 ιιόνταόθα
1089 2541 1124 2608 τό
1141 2541 1251 2607 Ἡσιό.

145 2649 257 2732 δτιον,
274 2641 324 2712 ότι
347 2645 439 2734 φημη
478 2644 618 2713 δ’.οόπω
641 2649 774 2731 πάμπαν
796 2645 995 2729 α’πόλλυται,
1016 2640 1123 2731 ἥντινα
1144 2644 1253 2709 πολλοὶ

225 2842 249 2894 1.
269 2838 369 2900 διιλοόν
390 2842 419 2897 (l.
528 2842 554 2894 2.
574 2846 724 2913 τραχηνοόν
742 2842 772 2897 0.
848 2844 1121 2913 11.ιιολευσίνονο.
1152 2882 1155 2887 »

143 3013 301 3076 importuno
327 3006 376 3072 lit,
400 3020 454 3069 nou
472 3008 573 3061 minus:
596 3014 779 3077 transgressus
809 3009 878 3060 enim
903 3023 953 3076 per
979 3009 1077 3062 multos
1096 3023 1206 3077 asperos
1224 3018 1252 3062 et

143 3081 239 3134 invios
258 3078 344 3131 colles
353 3080 385 3131 sd
397 3087 507 3131 vocatos
517 3078 628 3132 Antbiss
639 3095 697 3130 cum
709 3074 805 3131 relicto
817 3079 868 3131 sibi
879 3080 1000 3131 exercitu
1017 3080 1121 3132 deintus
1141 3088 1190 3132 est
1211 3088 1253 3132 est

145 3160 238 3205 sutem
257 3150 333 3202 locus
353 3166 387 3202 ex
398 3151 431 3201 iis
451 3165 519 3217 quse
538 3149 586 3201 sub
605 3151 708 3218 mugnis
726 3149 859 3202 montibus
873 3151 923 3200 sito
936 3156 998 3200 sunt
1016 3165 1117 3217 aequus
1137 3157 1165 3201 et
1182 3164 1251 3216 equs

144 3223 264 3277 refertus
291 3231 317 3273 et
343 3223 395 3273 viis
420 3222 577 3289 importunis
606 3221 826 3283 circumcinctus,
847 3218 1042 3271 oblectamenta
1069 3234 1123 3272 oon
1140 3221 1250 3272 minimo

143 3298 183 3348 iis
202 3295 246 3364 qui
261 3296 288 3345 in
300 3293 351 3344 hoc
362 3292 644 3361 degrediunturellert,
665 3290 754 3343 herbis
775 3290 909 3342 abundans
928 3290 1006 3343 simul
1026 3299 1052 3341 et
1065 3290 1206 3359 ‘frumento
1223 3298 1251 3342 et

144 3368 226 3437 qussi
239 3366 317 3417 umbo
326 3367 385 3417 sive
395 3364 534 3415 thesaurus
546 3363 620 3416 illius
629 3372 726 3426 terroe,
740 3370 767 3413 et
779 3378 886 3430 campus
899 3362 1030 3414 luxuriae.
1043 3363 1100 3415 dies
1113 3367 1253 3432 (numerus

145 3440 240 3507 deest)
261 3438 344 3506 igitur
362 3435 400 3487 ibi
417 3450 525 3486 monens
544 3451 592 3487 rex
612 3435 761 3486 etTnnrum
783 3442 909 3497 montem,
928 3434 974 3503 qui
992 3435 1060 3499 npud
1079 3434 1181 3486 incolss
1201 3447 1252 3485 vo-

145 3516 226 3562 catur
253 3509 400 3571 binomius,
427 3515 606 3573 tronsgresnos
624 3506 774 3570 laboriose,
800 3508 827 3557 in
855 3515 951 3557 terrum
976 3504 1138 3557 llcleusinen
1166 3505 1251 3568 venit,

145 3588 290 3649 postquem
303 3579 514 3630 transiitlternnr
521 3576 682 3645 Euphratem
695 3577 804 3631 fluvium
818 3577 986 3644 subpedibus
999 3574 1251 3642 septentrionalibus

144 3653 227 3707 Tauri
254 3658 356 3718 partem
382 3649 454 3701 illum
479 3649 726 3716 praeterfluentem,
753 3656 780 3700 et
798 3649 959 3701 dividentem
978 3656 1004 3698 ct
1022 3655 1137 3699 montem
1157 3647 1252 3700 etilo.

144 3725 263 3777 lesinem
284 3722 361 3790 quusi
377 3721 474 3773 duem:
500 3722 527 3772 in
547 3720 597 3772 linc
617 3724 699 3790 igitur
717 3722 774 3772 dies
793 3718 938 3772 nonnullos
964 3735 1023 3771 cum
1041 3721 1183 3773 mansisset
1202 3737 1252 3773 ex.

144 3795 260 3857 ercitus,
279 3794 348 3845 lunis
367 3793 494 3861 quaedum
514 3791 626 3857 influxit,
646 3793 767 3844 nimirum
780 3791 902 3843 relictum
916 3792 1252 3845 exercitumio'l'nrcnnnn

144 3866 323 3934 oppositione
334 3880 423 3934 pugno
436 3872 462 3916 ct
474 3862 547 3915 bello
566 3865 699 3916 uiolenter
711 3863 844 3915 devictum
864 3877 924 3913 csso
943 3870 970 3913 et
987 3864 1085 3917 multos
1105 3864 1252 3916 cecidisses

143 3937 270 4004 reliquos
290 3944 377 3987 sutem
397 3937 469 3986 circe
484 3934 595 3986 Taurum
615 3944 736 3987 servatos
754 3951 813 3986 esso
831 3943 957 4000 montem,
976 3951 1033 3986 cum
1053 3936 1173 4004 proxime
1190 3934 1254 3987 bel.

144 4010 204 4062 loru
224 4007 323 4059 loetum
343 4015 424 4072 esset,
444 4014 471 4058 et
489 4006 613 4074 quosdam
627 4007 761 4074 dispersos
780 4007 807 4056 in
827 4015 913 4058 costra
931 4007 1045 4074 ingredi,
1065 4006 1178 4060 stallos
1197 4020 1251 4058 non

144 4094 250 4149 procos
271 4079 430 4145 exspectari.
469 4084 526 4128 oret
544 4084 631 4128 nutem
650 4093 704 4129 non
730 4076 813 4141 falsa,
839 4078 876 4129 ita
895 4085 924 4128 ut
943 4093 1034 4130 verum
1053 4081 1089 4131 sit
1108 4080 1187 4130 etism
1207 4075 1251 4126 hic

145 4149 312 4204 llesiodcum
332 4149 408 4201 illud.
447 4148 533 4213 „lemn
552 4150 659 4200 omnino
684 4163 738 4200 non
758 4150 843 4201 innuis
863 4159 918 4215 est,
939 4165 1015 4218 quem
1034 4149 1110 4202 multi
1129 4148 1250 4199 homines

145 4225 293 4275 dictitent:
321 4221 370 4273 deo
402 4227 475 4271 certe
495 4219 621 4288 quaedum
651 4227 691 4273 est
716 4228 743 4270 et
761 4223 844 4288 ipsn.“
875 4254 908 4264 -
927 4222 1044 4273 conlecti
1066 4222 1135 4272 euim
1155 4216 1250 4267 nnimis

145 4293 247 4350 Graeci
267 4301 340 4343 metu
363 4291 503 4343 Tuscorum
524 4307 582 4343 cum
601 4306 616 4343 u
636 4293 709 4362 regis
734 4299 762 4344 ct
786 4292 890 4361 relique
908 4292 1034 4359 discerpti
1053 4295 1143 4343 essent
1159 4283 1253 4339 multi-
