3168 4988
512 325 718 392 ilisi'oitib.
1103 321 1176 394 309

69 487 237 570 putasses
258 487 434 550 κατδθεντο.
476 484 621 568 παριδών
645 480 702 551 σάν
733 485 749 551 ά
773 487 924 569 βασιλεῦς
951 489 1008 574 τήν
1037 489 1100 554 τοῦν
1124 484 1179 554 ἔσ-

69 589 249 673 φαλμδνων
269 589 377 660 αδτοῖς
399 585 614 667 κακοήθειαν,
643 589 707 651 τάν
730 589 933 672 ἐγκλημάτων
966 590 1095 666 τούτους
1124 588 1178 653 διά

67 687 218 768 πλήθους
245 690 352 760 ἐλέους
374 687 541 752 α’πλλουσε.
587 691 641 750 κατ’
657 688 895 770 χειρωσάμενος
918 689 971 754 τὸν
995 688 1177 776 α’λάοτορα,

71 789 202 870 δημίων
225 782 325 849 αῦτάν
341 787 453 866 χερσίν
478 786 517 873 op'
543 786 710 867 παρδδοτο,
730 786 785 851 κατ’
806 788 908 872 πάσης
928 792 1110 872 σωματικῆς
1130 815 1179 853 τι·

42 884 203 965 δμωράας
225 884 389 964 άλλάτριον
410 881 588 968 διετήρησε,
612 886 742 951 δικαίων
765 889 800 951 δὲ
823 888 949 970 άνδρών
963 897 1069 971 χεῖρες
1081 886 1177 952 adedo

69 980 299 1063 εἰσδεξάμενοι
320 987 376 1065 τής
397 987 548 1067 κοσμικῆς
564 982 651 1060 ῑλῦος
671 987 877 1069 ἐλευθεροῦσι
898 990 941 1050 δι’
962 981 1177 1070 άποκάροεως.

69 1085 336 1165 μεταταξάμενος
359 1085 394 1148 δὲ
416 1081 495 1165 πρῦς
519 1082 575 1147 τάν
594 1086 768 1165 μοναδικόν
789 1086 859 1167 βίον
882 1087 937 1151 κατ’
956 1091 1041 1174 φυγῇ
1065 1089 1178 1173 ε’ζημι-

71 1183 162 1269 ώθη,
183 1185 336 1269 νησιώτης
355 1178 530 1268 γενόμενος,
549 1188 604 1249 κατ’
622 1186 739 1265 μαθών
751 1179 824 1250 ὅσον
836 1191 932 1252 κακόν
952 1192 1019 1254 ἐστι
1041 1184 1076 1252 τά
1099 1186 1178 1271 πρῦς

71 1280 153 1360 τοῦς
176 1278 383 1368 εῦεργέταςή
410 1286 877 1368 συμπαθοῦνταςάγνωμονεῖν.
1187 1306 1206 1363 ς,
1221 1310 1311 1371 μεθ’,

28 1401 63 1454 10
183 1374 285 1460 Οῦτος
307 1387 341 1448 ἐκ
365 1390 487 1449 πολλῶν
507 1385 561 1448 κατ’
580 1384 726 1468 μεγάλων
739 1385 846 1469 ἕτερος
860 1382 957 1464 ἆθλος
974 1393 1016 1477 spi
1037 1394 1177 1470 βασιλεῦ,

73 1484 161 1547 κατά
186 1479 344 1566 πάρεργον
365 1486 525 1562 άννσθείς.
569 1487 625 1549 κατ’
641 1488 674 1550 τὸ
698 1490 756 1565 μὲν
777 1484 869 1570 ἔργον
895 1493 989 1553 τοῦτο
1009 1493 1175 1566 τοιοῦτον,

73 1587 135 1648 κατ’
152 1577 226 1646 άοον
248 1582 352 1667 άνήκει
375 1584 453 1668 πρὸς
475 1583 577 1649 ου’τάν
596 1589 752 1667 βασιλέα,
775 1590 867 1652 οῦδὲν
890 1592 1096 1674 παρεοίνατο,
1123 1588 1178 1674 τήν

75 1688 110 1749 δ’
141 1678 226 1748 idas
255 1687 362 1749 πάσαν
383 1686 523 1769 μεγάλης
547 1689 656 1763 κακίας
681 1690 737 1750 κατ’
765 1687 868 1773 λώβης
896 1688 1089 1771 ἐπλήρωσεν.
1134 1691 1179 1767 οῦς

74 1782 140 1868 γάρ
164 1780 296 1849 ῦποπτοι
329 1783 554 1871 κατεφάνησαν
581 1784 611 1851 οἱ
645 1787 724 1872 πράς
753 1786 960 1873 ἐκστρατείαν
991 1791 1179 1856 άποστελλά.

30 1898 64 1949 15
72 1908 180 1967 μενοι,
204 1884 258 1949 κατ’
278 1888 438 1969 νεωτέρων
459 1886 654 1970 πραγμάτων
667 1885 819 1973 ἐφίεσθαι
833 1889 1105 1974 κατεγνώσθηοαν,
1127 1893 1183 1957 καί

75 1984 169 2070 πτερά
191 1987 285 2051 τοῦτο
308 1987 391 2069 μηδὲ
414 1985 517 2067 τάξεις
547 1989 603 2051 καί
627 1984 742 2069 λάχους
775 1989 949 2074 φυλάττειν
980 1993 1035 2054 κατ’
1062 1993 1180 2072 νόμους

74 2085 325 2171 στρατευμάτων
346 2084 585 2173 ῦπενοήθησαν,
616 2089 671 2152 καί
690 2093 730 2176 τῇ
759 2083 877 2178 ἓσπδρρ
907 2076 1002 2154 πάλιν
1032 2092 1178 2173 γεγόνασι

74 2182 330 2270 μεταπάμπιμοτ,
350 2185 564 2271 μεμενήκασιν
585 2187 616 2254 ολ
638 2191 754 2274 ἐχθροί
773 2188 811 2254 τά
835 2195 915 2276 φτλα
944 2187 1069 2267 ἑαυτοῖς
1097 2191 1176 2256 κατά

76 2287 287 2370 Χριστιανῶν
308 2283 523 2370 ἐργαζόμενοι,
545 2294 600 2354 κατ’
621 2292 869 2373 παρακινοῦντες
889 2290 984 2354 πλέον
1015 2284 1037 2374 ή
1062 2287 1179 2372 πρότε-

28 2406 137 2470 οορον
156 2387 215 2470 τήν
236 2384 342 2470 άργήν,
367 2385 423 2451 κατ’
441 2392 675 2469 πολιορκοῦντες
697 2390 733 2453 τά
757 2386 917 2474 φροῦρτα,
949 2394 1004 2453 κατ’
1026 2389 1178 2453 πάνδεινα

77 2487 161 2551 κακά
173 2494 239 2561 τοϊς
262 2490 469 2567 ἐμπίπτουσιν
479 2484 694 2572 ἐργαζόμενοι.
740 2493 775 2553 τά
789 2492 900 2556 τοῦτον
920 2493 1030 2571 γένοιτ’
1052 2483 1090 2553 άν
1104 2512 1178 2573 σχε·
1281 2552 1287 2563 ,

78 2587 253 2671 τλιώτερον
275 2586 330 2651 κατ’
359 2585 638 2673 παρανομώτερον,
668 2583 743 2655 ῦταν
765 2597 828 2664 τοῖς
858 2591 987 2674 ἐχθροῖς
1022 2588 1180 2675 τοσαῦτην

78 2686 182 2773 ῥοπήν
204 2684 221 2752 ῦ
243 2695 300 2752 τοῦ
321 2691 477 2769 βασιλέως
505 2689 690 2775 άντίρροπος
703 2695 821 2757 δέδωκε
844 2691 899 2761 κατ’
917 2695 1102 2776 τηλικοῦτον
1121 2716 1181 2756 κν-

82 3010 272 3081 rsquirebsnt‚
300 3018 379 3080 atque
408 3011 445 3063 ita
470 3013 580 3079 primum
606 3021 742 3066 auctorem
769 3021 892 3064 terrenae
920 3016 1059 3079 pravitatis
1078 3013 1183 3066 tradere
1298 3036 1305 3052 ν

83 3082 262 3135 sustinebant.
282 3083 484 3149 praetersidens
503 3084 585 3149 igitur
602 3099 650 3134 rex
668 3083 802 3151 lapsorum
822 3086 989 3149 pravitatem,
1008 3083 1114 3150 probris
1133 3082 1183 3133 hos

82 3153 255 3207 multitudine
279 3155 478 3206 misericordiae
503 3152 644 3216 liberavit,
670 3162 696 3204 et
714 3155 823 3205 dsmsns
848 3151 1011 3216 scelestum,
1031 3152 1182 3204 camibcum

85 3241 146 3279 enm
165 3224 285 3276 manibus
304 3239 357 3276 non
375 3225 482 3278 tradidit
506 3233 532 3276 et
560 3227 630 3275 omni
661 3226 781 3291 corporis
806 3239 893 3291 poena
912 3222 1030 3276 alienum
1049 3224 1182 3276 servavit:

85 3300 214 3348 iustorum
233 3304 321 3347 sutem
341 3297 458 3348 virorum
477 3311 568 3350 manus
588 3312 647 3347 eum
661 3297 826 3363 accipientes
846 3303 952 3347 terrena
970 3294 1049 3346 sorde
1068 3294 1185 3347 liberant

84 3376 211 3419 tonsura:
231 3374 310 3434 atque
329 3376 435 3434 arrepta
450 3367 606 3419 monachica
620 3368 675 3419 vita
696 3366 792 3419 exsilio
809 3366 950 3418 mulctatus
971 3374 1020 3428 est,
1039 3364 1184 3416 insularum

84 3438 175 3491 incola
196 3437 292 3501 iaetus,
318 3446 345 3489 et
363 3438 530 3506 intelligens,
549 3437 630 3508 quale
655 3447 727 3491 esset
744 3437 850 3500 maium,
877 3438 904 3489 in
928 3437 1120 3488 beneficientes
1139 3434 1206 3487 rei·

83 3510 274 3563 misericordes
288 3512 417 3578 ingratum
437 3525 505 3561 esse.

186 3594 243 3649 Hoc
263 3613 296 3650 ex
310 3598 398 3652 multis
419 3607 447 3650 et
463 3602 565 3667 magnis
577 3599 650 3652 aliud
664 3608 797 3651 certamen
812 3615 904 3668 arege
921 3599 996 3667 quasi
1015 3596 1185 3649 subsecivum

84 3678 233 3741 peractum,
254 3678 334 3739 atque
347 3670 397 3721 boc
409 3684 475 3737 ορατ
490 3670 554 3735 taie,
568 3679 693 3739 quantum
705 3673 736 3722 sd
747 3685 838 3739 regem
849 3672 933 3737 ipsum
945 3668 1105 3736 pertinebat,
1116 3665 1185 3718 nibil

84 3742 172 3796 damni
188 3741 287 3805 attulit,
301 3743 431 3794 orientem
440 3749 528 3793 eutem
541 3756 645 3793 omnem
659 3756 754 3810 magno
764 3740 834 3792 malo
849 3749 875 3791 et
889 3740 1038 3792 calamitate
1053 3738 1184 3807 implevit.

87 3823 118 3865 nt
137 3813 208 3864 enim
227 3814 346 3879 suspecti
365 3821 546 3880 apparuerunt
563 3815 608 3881 qni
628 3813 660 3863 sd
681 3811 876 3879 expeditionem
890 3813 962 3863 missi
982 3818 1067 3874 erant,
1088 3817 1115 3862 et
1131 3823 1184 3861 no-

85 3887 129 3937 sis
151 3883 232 3936 rebus
250 3885 357 3936 studere
377 3898 409 3935 co
448 3885 478 3935 iti
498 3892 568 3947 sunt,
588 3892 615 3934 et
631 3891 769 3949 praeterea
787 3897 822 3933 ne
843 3883 950 3934 ordines
969 3882 1075 3950 quidem
1095 3890 1122 3932 et
1133 3897 1185 3951 sp.

85 3957 157 4008 mina
179 3970 342 4007 conservare
362 3962 388 4006 et
425 3970 489 4022 eges
511 3956 683 4016 exercituum,
711 3954 736 4002 in
755 3953 933 4017 suspicionem
953 3962 1095 4017 venerunt,
1114 3961 1140 4004 et
1157 3953 1185 4003 in

86 4027 256 4079 occidentem
277 4041 367 4078 rursus
387 4026 494 4078 iderunt
509 4025 632 4089 reduces,
650 4031 804 4075 manserunt
823 4022 913 4074 hostes
931 4033 1005 4092 pata
1024 4024 1075 4075 sibi
1094 4031 1186 4075 contra

86 4097 257 4153 Christianos
277 4096 407 4148 iacientes
420 4105 594 4149 etmorentes
612 4097 696 4163 magis
710 4109 787 4163 quam
806 4102 883 4145 antea
897 4095 961 4146 iram
982 4103 1008 4147 et
1027 4108 1186 4163 oppugnan-

86 4181 130 4221 tes
151 4167 276 4233 casteils,
296 4176 323 4219 et
342 4167 421 4221 vaide
442 4169 498 4219 dira
519 4167 589 4217 maia
609 4164 785 4218 incidentibus
807 4166 946 4217 incientes.
973 4165 1042 4231 Quid
1059 4165 1110 4216 hoc
1129 4164 1187 4217 deri

87 4247 183 4312 potest
199 4238 342 4294 scelestius
360 4248 388 4290 et
404 4241 538 4304 iniustius,
559 4237 664 4308 quando
678 4235 798 4291 hostibus
811 4244 908 4289 tantam
927 4238 980 4290 vim
999 4238 1071 4306 repis
1089 4235 1188 4288 adrer-
