3182 4986
562 368 770 441 mamati.
870 388 874 394 ’
908 388 911 392 ’
945 410 949 417 ·
1166 379 1217 455 85

115 541 182 604 ρων
207 521 238 585 δ’
259 519 281 587 u‘x
306 523 458 603 βασιλεύς
485 526 542 627 τδν
558 533 737 617 γογγυσμδν
767 539 829 602 τῶν
847 539 980 619 {nuileio
1009 545 1065 608 καλ
1082 541 1142 627 την
1163 547 1218 610 λύ-

115 643 240 705 γουσαν
262 621 370 711 φήμην
396 618 443 692 ὅτι
464 631 637 715 φειδωλίας
668 632 705 700 τά
725 632 892 720 Ῥωμαίων
924 635 1163 726 άπεμπολούντύ
1182 669 1218 711 τε

117 725 172 788 κατ’
195 729 438 812 καταπροΐεντο,
470 726 567 811 ἔξεισι
598 737 654 819 τῆς
673 739 922 826 βασιλευούσης,
951 742 1007 808 καί
1025 748 1216 834 καταντικρύ

115 821 175 887 τού
195 822 344 910 Ἀθύρος,
363 827 439 912 περὶ
456 827 551 895 τόπον
584 825 666 899 σάτον
687 836 883 920 καλούμενον
902 844 1166 927 Χοιροβάκχους,
1185 844 1220 911 ἒν

93 912 142 1011 ςῷ
163 921 221 987 καί
238 927 407 1005 βασιλικάς
433 929 684 1018 παραπεπήχασι
716 935 862 1023 κτηόεις,
892 939 1010 1027 σκηνάς
1031 942 1114 1020 ι’δύας
1137 936 1218 1030 ἐπή-

119 1026 196 1100 ξατο
219 1024 276 1089 καί
294 1023 441 1094 τιύνσύν
462 1030 561 1118 αύτῷ.
615 1035 671 1099 καί
692 1029 774 1121 ἦσαν
793 1043 919 1118 πλείους
938 1044 1000 1107 τυΐν
1023 1042 1078 1127 ρι’,
1098 1045 1138 1107 ου’
1157 1069 1230 1109 rto-0

118 1116 229 1207 σύτητι
254 1128 388 1206 μείζονι.
439 1123 520 1194 άθεν
536 1134 597 1196 ’καί
615 1142 743 1214 πολλοῖς
765 1139 945 1223 θαυμάζειν
975 1143 1112 1227 ἐπῆλθεν
1131 1137 1217 1222 ὅπως
1320 1182 1336 1191 ··

116 1223 308 1308 τηλικαύτην
340 1226 437 1311 ἰσχύν
465 1229 545 1312 μετά
565 1232 723 1302 τοσούτων
745 1237 763 1303 δ
783 1239 935 1322 βασιλεύς
958 1242 1141 1329 άνδραρίυν
1161 1246 1217 1331 τῆς

117 1323 349 1411 βασιλευούσης
370 1324 608 1422 ύπανεχάρησκ,
630 1338 701 1402 δέον
720 1336 868 1424 πρότερον
881 1342 938 1417 τάς
958 1340 1041 1419 ἐάας
1064 1342 1218 1428 δυνάμεις

83 1433 307 1507 ιοουναγαγεΐν
327 1426 383 1492 καί
405 1424 508 1510 ούτονς
528 1440 700 1524 ἐξορμῆσαι
721 1437 800 1523 πρὸς
831 1437 870 1505 τά
891 1436 1033 1529 ἑσπέρια.
1077 1443 1133 1509 καὶ
1153 1445 1215 1534 διά·

119 1545 163 1586 κει
184 1525 226 1610 τῇ
239 1529 445 1618 μυθευομύνη
468 1538 526 1599 τού
538 1538 697 1605 Διονύσου
722 1544 864 1629 στρατιᾷ,
887 1536 940 1606 άτε
952 1542 1031 1623 μετά
1052 1547 1114 1610 τῶν
1134 1570 1216 1625 μαι-

118 1620 218 1689 νάδων
245 1628 362 1706 ἐκεῖνος
381 1633 438 1696 καί
457 1638 519 1701 τῶν
536 1641 695 1725 Σειληνυύν
725 1643 842 1726 ταύτην
863 1645 911 1707 ἐπ’
933 1643 1050 1721 Ἰνδούς
1071 1638 1216 1730 ἤλαυνεν.

118 1725 150 1788 ἐν
169 1721 299 1815 τοιαύτη
331 1732 367 1795 ot
385 1733 499 1802 τούτου
520 1746 710 1831 παρασκευῇ
729 1747 946 1831 καθεστῶτος,
966 1747 1118 1830 δρομαῑοί
1133 1773 1217 1827 τινες

118 1825 151 1890 ir
177 1826 241 1891 τῶν
261 1823 506 1915 άπεσταλμένυνν
535 1841 581 1916 εἷς
608 1841 664 1906 τὸν
677 1835 799 1929 Ἴστρον
826 1842 1050 1925 ἐπανελθόντες
1077 1852 1216 1935 παντελῆ

85 1929 173 2002 ιετού
193 1926 309 2006 ἔθνους
330 1933 523 2019 α’πήγνειλαν
543 1936 686 2030 ὄλεθρον.
729 1951 939 2035 προδφθασαν
954 1950 1016 2035 γάρ
1040 1947 1069 2013 οἱ
1093 1952 1216 2034 αἰχμα-

119 2033 321 2110 λωτισθέντες
341 2036 490 2121 ἡγεμόνες
517 2040 680 2131 ῥυσθῆναι
701 2050 755 2131 τῆς
776 2050 902 2113 ἐκείνων
921 2049 1115 2136 χειρός,καί
1132 2050 1217 2135 γνού-

119 2156 177 2213 μας
197 2132 424 2218 εἶπενεγκύντες
445 2146 500 2227 τῆς
532 2147 639 2212 αύτοδν
672 2145 891 2232 καταλύσεως,
924 2149 1100 2235 φράζοντες
1117 2151 1161 2227 ὥς
1185 2152 1216 2219 οἱ

118 2236 173 2312 μὲν
197 2233 329 2318 λογάδες
353 2241 417 2304 τάν
433 2238 547 2323 ottus
566 2244 720 2335 σκάφεσιν
746 2249 897 2331 ἐμβάντες
925 2254 1111 2336 παραινέσει
1134 2254 1215 2337 [καί]

119 2334 176 2396 ιύν
194 2332 385 2416 Ῥωμαῖκυύν
405 2341 517 2427 π’ρχιδν
539 2349 604 2411 τῶν
625 2351 659 2413 ἐν
679 2357 744 2425 τοῖς
771 2351 929 2433 ’ἰατρικοῖς
950 2356 1071 2434 χειλεσι
1092 2351 1214 2416 πόλεων

86 2430 171 2506 roris
180 2423 304 2520 1’δστρον
325 2434 555 2529 διαβεβάκεσαν
580 2451 634 2514 καί
648 2448 700 2543 Ιεἰς
719 2448 776 2533 τὴν
800 2453 892 2537 σφῶν
907 2452 1013 2515 αύτιδν
1034 2451 1213 2536 ἐπανέδρα-

119 2554 185 2615 μον,
208 2536 238 2601 οἱ
260 2538 296 2603 ‹tt
326 2547 604 2632 περιλειφθέντες,
629 2551 749 2634 πλῆθος
772 2553 827 2614 καί
848 2546 951 2626 ούτως
973 2552 1151 2636 α’μύθητον,
1175 2550 1210 2617 τύ

120 2636 172 2712 μέν
191 2659 219 2700 τι
242 2638 325 2730 νύσηι
359 2646 487 2735 λοιμικῇ
516 2651 573 2712 κατ’
590 2651 671 2738 λιμῷ
698 2655 965 2737 καταπονηθέντες
994 2652 1050 2717 καί
1071 2651 1213 2736 ἧμιθνῆ·

122 2755 166 2809 τις
184 2736 399 2826 τυγχάνοντες,
421 2742 454 2811 τύ
480 2747 583 2815 ditor*
595 2746 664 2826 ’τοῖς
683 2755 925 2838 παρακειμένοις
939 2754 1144 2839 Βουλγάροις-
1158 2756 1214 2821 καί

119 2841 177 2911 τοῖς
193 2840 410 2922 Πατζινάκοις
430 2857 749 2939 καταπολεμηθύντες,
770 2847 873 2939 άρδην
903 2853 1067 2923 tuotone
1087 2856 1210 2946 σιδάρῳ

123 3050 228 3105 Graecas
246 3051 323 3121 proeli
343 3060 370 3104 et
394 3053 528 3120 proiectas
548 3070 626 3122 esse,
653 3058 788 3126 egreditur
815 3060 892 3127 regia
922 3067 949 3112 et
966 3062 1093 3115 adversus
1120 3061 1210 3128 Athy.

122 3137 169 3172 rern
187 3124 258 3175 cirea
286 3123 392 3189 locum,
417 3126 463 3194 qni
490 3127 635 3180 vocabatur
657 3129 897 3195 Choerobacclrns‚
922 3132 950 3182 in
975 3148 1027 3202 quo
1056 3132 1134 3183 etiarn
1162 3147 1209 3183 re.

123 3194 172 3260 ςὶιιι
196 3195 334 3248 firmarunt
364 3199 568 3265 possessiones,
599 3201 713 3252 tentoria
748 3202 856 3268 propria
889 3201 946 3252 lixit
977 3212 1004 3254 et
1030 3218 1154 3265 suorum,
1185 3210 1212 3252 et

124 3272 189 3317 erent
215 3266 308 3334 plures
331 3282 408 3337 quani
434 3277 538 3320 centurn
562 3272 753 3342 quinquaginta
776 3287 831 3323 uon
858 3272 957 3323 maiore
977 3289 1097 3337 numero,
1117 3288 1211 3343 quam-

125 3334 205 3390 obrem
239 3339 319 3392 etiem
351 3339 441 3392 multis
471 3342 608 3393 admiratio
640 3343 766 3408 obvenit,
795 3344 927 3412 quomodo
958 3343 1038 3396 talem
1073 3345 1126 3397 vim
1151 3361 1210 3395 curn

125 3411 194 3461 turis
225 3426 274 3462 rex
303 3409 472 3463 homunculis
505 3415 599 3482 regiae
630 3414 750 3479 subiret,
787 3432 845 3467 eum
872 3430 984 3469 neeesse
1010 3422 1099 3479 osset,
1133 3424 1212 3467 antea

126 3481 258 3534 orientales
285 3484 359 3534 vires
391 3484 541 3536 conducere
572 3493 599 3536 et
622 3485 658 3537 ita
684 3486 776 3554 egredi
803 3489 829 3539 in
861 3486 1034 3538 occidentem.
1084 3483 1111 3538 'et
1134 3487 1212 3538 simi.

124 3549 153 3601 lie
174 3562 229 3604 erat
255 3552 378 3606 fabuloso
397 3554 497 3607 Bacchi
525 3557 670 3621 exercitui,
700 3558 803 3628 quando
829 3574 887 3610 eum
906 3557 1018 3611 Bacchis
1044 3556 1092 3609 ille
1121 3563 1147 3609 et
1166 3556 1212 3610 Si.

126 3620 186 3674 lenis
203 3624 254 3676 lroc
273 3633 366 3677 eontra
386 3626 464 3679 ludos
482 3628 702 3695 proficiscebatur
719 3631 780 3681 iter.
829 3646 888 3681 cum
913 3639 999 3681 autem
1027 3631 1055 3681 iu
1073 3628 1121 3681 tali
1140 3638 1213 3683 esset

127 3692 163 3745 lic
181 3705 334 3764 apparatus,
352 3699 448 3750 cursim
467 3699 590 3752 nonnulli
610 3701 750 3753 missorum
778 3700 810 3752 ad
828 3701 923 3753 Istrum
941 3708 1110 3753 revertentes
1130 3701 1211 3754 abso.

128 3764 196 3817 latam
216 3767 309 3836 populi
327 3772 482 3821 nuntiarunt
501 3771 655 3838 pernicicm.
695 3779 887 3824 antevenerant
905 3774 975 3825 euim
995 3773 1065 3839 capti
1084 3772 1165 3826 duces
1184 3781 1213 3825 ut

126 3834 291 3891 liberarentur
310 3839 416 3893 illorum
429 3857 517 3906 mauu,
536 3844 581 3913 qui
600 3844 705 3910 quidem
720 3844 798 3894 etiarn
814 3846 960 3897 sententias
973 3846 1102 3896 inferrent
1120 3861 1213 3897 eorum

125 3906 311 3977 dissipationis,
340 3921 477 3964 narrantes
503 3916 635 3981 quomodo
664 3913 762 3965 delecti
781 3912 895 3967 Unorunr
924 3915 1017 3969 lintres
1036 3918 1212 3969 ascendentes

124 3976 220 4032 hortatu
251 3984 330 4034 etiarn
355 3983 514 4037 Graecorum
538 3985 708 4052 imperiorum
738 3985 842 4038 urbium
867 3988 893 4039 in
916 3986 977 4040 lstri
1007 3989 1073 4056 ripis
1104 3990 1212 4041 sitarum

122 4047 210 4101 lstrurn
228 4055 382 4106 traieceriat
401 4063 427 4106 et
445 4056 471 4107 iu
488 4072 561 4108 suam
575 4059 690 4124 ipsorum
705 4064 801 4109 terram
812 4060 985 4124 recurrerint,
1006 4059 1094 4111 relicti
1114 4067 1211 4123 autem,

121 4119 253 4175 nutriendo
271 4127 310 4176 sic
330 4138 437 4194 quoque
456 4130 560 4198 ingens,
581 4130 674 4195 partim
701 4130 793 4181 morbo
813 4132 942 4199 pestifero
961 4140 988 4184 et
1007 4132 1075 4183 lauro
1094 4131 1211 4180 coniecti

123 4198 152 4240 et
167 4196 333 4261 semimortui,
353 4199 447 4264 partim
467 4202 545 4251 etiam
565 4215 613 4268 per
631 4200 924 4273 adiacentesllulgaros
944 4213 970 4255 et
987 4202 1143 4264 Petrinacos
1161 4198 1211 4261 tlo-

121 4258 211 4315 bellrti
230 4266 347 4321 funditus
365 4271 496 4339 perierint
515 4272 587 4325 ierro
607 4281 634 4326 et
651 4270 759 4343 ungulis
778 4275 913 4328 brutorum
932 4271 1082 4329 animalium
1102 4269 1211 4338 stipsis
