3150 4986
332 212 413 283 232
621 199 839 277 ulcflduus
869 194 1131 272 emimontu

332 403 397 445 των
417 375 543 451 ου’τοός.
593 368 624 435 οἱ
651 373 686 435 dd
708 367 907 453 Βοόλγσροι,
936 366 1058 450 πλῆθος
1089 354 1175 439 όνττς
1190 358 1442 457 ἀνεξερεύνητον

334 482 391 547 καί
422 480 554 564 ἀριθμῷ
585 472 871 556 ααθυπσβληθῆναι
903 468 978 551 μηδ’
1008 459 1091 540 όλως
1110 459 1300 545 δυνάμενον,
1324 483 1440 541 περισ-

333 581 445 667 χόντες
468 559 567 643 ου’τόν
586 576 636 648 ἐἷς
657 574 753 654 μέσον
775 564 881 654 ὥσπερ
899 569 1028 633 ὑδάτων
1047 567 1173 630 πολλῶν
1195 563 1318 645 ἀχανὲς
1339 564 1439 624 τέλσ-

333 706 401 768 γος,
423 673 523 753 οότως
545 671 641 741 αάτόν
656 672 828 750 ἀποπνῖξαι
856 672 913 735 καί
932 670 978 742 είς
1003 662 1226 746 ἀόιεξόίτυτον
1249 659 1358 743 βυθόν
1377 684 1438 724 τισ-

334 781 520 849 ταποντίσαι
546 771 786 861 διηγωνίζοντο,
809 765 863 839 οἷα
886 773 943 854 πέρ
971 794 1035 835 τισι
1055 763 1179 849 κόμσσι
1200 772 1266 840 τοῖς
1288 761 1465 845 τόμμιισι5

336 885 401 947 τεόν
425 878 567 961 δοράτων
600 873 656 938 κατ’
684 872 748 936 τοῖιν
780 865 887 935 ἀλλων
917 871 1096 950 πολεμικῶν
1123 863 1266 949 όργόνων
1294 865 1441 945 συνεχῶς

334 976 434 1046 αότόν
456 971 705 1058 ἐπιπλήττοντες.
749 972 818 1033 ἀλλ’
840 971 956 1045 ἐκεῖνος
979 967 1114 1054 βρυγμῷ
1134 969 1259 1039 λέοντος
1280 962 1349 1026 κατ’
1373 954 1438 1025 αό-

334 1082 399 1145 τιόν
419 1077 577 1159 ἀξορμσόν,
606 1075 662 1136 καί
684 1068 760 1145 τοός
782 1067 1023 1145 ἐπεισπεσόντες
1047 1069 1198 1146 ἐξαισίοις
1218 1064 1440 1151 ἀνρχαιτίζων

335 1185 481 1263 πληγαῖς,
501 1170 576 1239 ὁδόν
596 1165 701 1258 ἑαυτῷ
729 1169 830 1235 ἐποίει
846 1168 903 1233 καί
934 1165 1114 1251 πρόσβασιν
1135 1160 1341 1246 ἑκατέρωθεν.
1383 1165 1442 1226 καί

303 1288 309 1296 ’
335 1275 417 1363 μετό
440 1273 473 1342 τό
498 1275 615 1357 γνῶναι
636 1267 753 1346 πόντος
774 1264 811 1334 τό
831 1269 943 1335 τούτου
957 1266 1103 1350 ἀκρατὲς
1125 1268 1180 1330 καί
1199 1259 1280 1346 πρός
1300 1259 1359 1337 τάς
1380 1261 1485 1339 eir-10

224 1373 231 1385 ’
336 1381 517 1463 όραγαθίας
539 1374 773 1450 εάστσθὲς·ααι“
793 1369 959 1456 ἀνίκητον,
984 1367 1088 1432 οάκίτι
1105 1364 1187 1450 πρός
1207 1361 1442 1429 ἀντινοταστά-

336 1503 404 1554 σεις
423 1475 618 1560 ἀγχεμάχων
647 1467 709 1538 ἀπό
738 1472 856 1556 χειρῶν
875 1471 927 1557 Ιείς
957 1478 1071 1553 χεῖρας
1101 1464 1182 1551 πρός
1207 1462 1318 1549 μα’χην
1350 1465 1441 1554 oded

336 1577 530 1657 συνίσταντο,
553 1571 634 1639 ἀλλά
662 1570 796 1656 χορείοιν
821 1572 995 1652 μονονουχὶ
1019 1566 1254 1652 συστησάμενοι
1275 1562 1332 1630 σὺν
1352 1560 1440 1628 uad.

334 1672 561 1763 μοτι-μεγόληι
585 1676 627 1739 δι’
649 1670 808 1757 ἑκηβόλων
836 1670 980 1754 ἀργάνων
1009 1666 1067 1733 τόν
1095 1668 1235 1749 πόλεμον
1259 1662 1441 1748 σονερρηγ-

336 1800 436 1863 νυον,
458 1773 516 1851 ἕως
537 1773 636 1849 ατίτός
654 1778 727 1859 {rote
750 1767 976 1856 ὑποχωροῦσιν
997 1770 1227 1854 ἐπιφερόμενος
1257 1758 1488 1850 {secred-15

336 1880 401 1944 τεόν
427 1880 579 1960 μεγίστην
609 1875 664 1938 καί
694 1872 815 1958 τροπὴν
850 1868 1085 1955 ἀπειργάσατο·
1141 1866 1197 1931 κατ’
1218 1868 1366 1931 τοσοῦτον
1388 1858 1442 1928 ότι

335 1977 416 2062 μετὰ
439 1975 497 2063 τὴν
517 1980 604 2059 νίκην
636 1973 763 2040 ἀπιόοόν
793 1970 873 2058 πρός
901 1970 936 2036 τό
959 1974 1081 2056 πλῆθος
1112 1972 1174 2035 τεόν
1201 1964 1358 2033 πεσόντων
1385 1963 1443 2030 καί

335 2080 400 2145 τεόν
421 2074 611 2164 φευγόντων,
634 2078 691 2140 καί
711 2067 775 2140 οἷον
801 2072 888 2163 ον’τρῖ
909 2070 1002 2157 ἔργον
1017 2071 1097 2155 ὑπὲρ
1119 2069 1324 2152 ἀνθρωπίνην
1339 2063 1442 2150 ίσχόν

244 2260 250 2271 ,
337 2178 529 2264 ἐξείργαστο,
552 2177 745 2254 σκοτοδινίσς
766 2178 919 2262 πλησθείς
951 2175 1006 2239 καί
1035 2173 1162 2259 φύσεως
1187 2171 1323 2258 ῥευστῆς
1343 2163 1439 2251 εἶναι,

337 2288 402 2357 τοῖς
418 2282 632 2364 ἀνθρωπίνοις
654 2281 768 2353 δεινοῖς
790 2275 846 2341 καί
867 2274 986 2342 πόθεσι
1008 2277 1282 2357 αατααλινομένης,
1304 2270 1488 2360 sinodos-20

219 2394 234 2443 ἶ
336 2380 428 2463 τινός,
459 2377 648 2463 οότομάτως
670 2383 704 2445 ἐν
738 2378 795 2442 τοῦ
815 2375 913 2442 ἵππου
936 2373 1017 2460 πρός
1035 2378 1093 2459 γῆν
1119 2374 1338 2458 νατορρεόσας
1359 2397 1441 2438 σον-

337 2483 472 2565 νὲνευκε,
495 2480 668 2564 διάβροχος
687 2483 747 2559 μὲν
778 2477 833 2542 καί
852 2479 1040 2557 λελουμένος
1070 2469 1116 2540 τόν
1137 2477 1180 2562 τῷ
1200 2475 1263 2538 τοῖν
1282 2472 1440 2555 πολεμίων

271 2630 280 2642 ,
338 2582 460 2669 ἀπλίτηι
484 2581 540 2645 καί
558 2585 702 2669 ποταμίῳ
724 2581 850 2663 αἵματι,
872 2578 934 2659 οιίχ
955 2564 1050 2661 ἧττον
1072 2578 1107 2641 dd
1125 2576 1180 2641 τοί
1193 2574 1236 2663 τῷ
1262 2573 1365 2663 οἰκοίην
1385 2576 1442 2640 καί

409 2739 451 2791 13.
471 2742 624 2796 συνίστατο
643 2739 673 2793 G.

302 2954 311 2963 ,
339 2899 412 2951 ribus
431 2896 554 2967 affligens
575 2907 602 2949 et
620 2906 724 2950 terrens
745 2913 801 2951 eos.
839 2899 950 2970 Bulgnri
967 2906 1065 2963 nutem,
1084 2898 1129 2968 qui
1149 2898 1373 2951 ertutmultitudo
1392 2899 1439 2951 iu.

338 2968 512 3022 numerabilis
531 2985 621 3038 neque
638 2986 750 3021 numero
768 2969 865 3023 subiici
884 2970 941 3022 ullo
966 2969 1045 3022 modo
1071 2978 1211 3039 poterunt,
1237 2986 1296 3021 eum
1321 2971 1439 3023 medium

338 3041 532 3094 circumdantes
551 3048 674 3110 tunquam
693 3057 819 3109 equarum
838 3041 978 3094 multarum
996 3041 1079 3094 letum
1096 3057 1179 3105 mere,
1199 3041 1236 3093 itu
1263 3056 1323 3092 euru
1350 3041 1438 3093 sudo.

339 3130 401 3167 cere
421 3113 493 3164 etin
514 3113 672 3181 voraginem
691 3112 875 3186 inevitabilem
893 3112 1068 3181 submergere
1086 3111 1233 3177 certabunt,
1259 3112 1334 3180 qussi
1358 3113 1438 3165 undis

338 3183 436 3236 ictibus
459 3184 591 3235 deuterum
614 3192 641 3234 et
659 3192 810 3236 ceterorum
827 3183 894 3235 betti
914 3185 1147 3236 instrumentorum
1165 3184 1273 3236 assidue
1299 3199 1359 3234 eum
1382 3199 1437 3235 τε.

338 3263 442 3309 xuntes.
479 3255 527 3306 sed
546 3253 595 3305 ilie
614 3253 721 3305 fremitu
740 3253 826 3306 leonis
848 3263 940 3307 contre
960 3270 1007 3306 eos
1027 3256 1176 3320 procedens
1195 3262 1222 3305 et
1240 3256 1373 3306 irruentes
1391 3255 1438 3306 iu·

338 3325 463 3394 gentibus
482 3323 617 3392 repellens
636 3325 733 3377 ictibus
753 3327 822 3378 vium
851 3325 902 3378 sibi
929 3325 1046 3378 deciebnt
1073 3334 1100 3377 et
1127 3326 1225 3377 editum
1248 3327 1387 3394 utrinquer
1408 3333 1439 3377 et

338 3405 477 3465 postquem
497 3403 683 3463 cognoverunt
701 3410 792 3449 omues
812 3395 889 3448 huius
913 3396 1071 3448 violentiam
1096 3405 1123 3448 et
1153 3397 1260 3449 virtutis
1285 3396 1437 3448 firmitutcm

338 3476 419 3536 utque
438 3467 567 3519 invictum
586 3467 700 3518 nuimum
719 3481 773 3519 nou
792 3467 843 3518 inm
864 3467 897 3520 ed
915 3468 1000 3519 eciem
1021 3468 1139 3520 cominus
1160 3466 1281 3519 munibus
1305 3467 1338 3518 ud
1361 3481 1437 3535 nug.

337 3553 398 3590 τωο
417 3554 476 3591 cum
495 3553 527 3591 eo
546 3554 576 3589 se
605 3537 817 3602 constituebant,
843 3539 891 3592 sed
912 3538 1022 3591 chorum
1047 3554 1134 3607 pneue
1159 3546 1350 3606 componentes
1376 3554 1438 3591 curu

338 3609 512 3661 admiratione
529 3624 624 3676 mogun
642 3609 823 3662 instrumentis
852 3610 1017 3662 inculatoriis
1036 3609 1137 3662 beilum
1155 3608 1331 3673 iustruebsnt,
1349 3610 1437 3663 donee

338 3678 361 3727 is
380 3679 408 3728 in
426 3668 577 3732 recidentes
596 3683 700 3733 irruens
720 3680 821 3733 cladem
850 3696 941 3732 eorum
965 3681 1103 3733 maximum
1129 3689 1156 3732 et
1183 3681 1273 3750 iugum
1299 3680 1435 3745 coniecit,

338 3754 418 3814 utque
437 3755 547 3814 tuntum,
566 3760 596 3803 ut
614 3760 675 3820 post
694 3753 833 3804 victorium
852 3753 1000 3820 respiciens
1020 3751 1215 3805 multitudinem
1233 3754 1385 3805 occisorum
1409 3762 1437 3806 et

339 3815 507 3882 fngientium,
529 3830 556 3872 et
574 3823 653 3891 qunle
672 3823 706 3875 eb
725 3839 757 3875 eo
778 3839 845 3892 opus
863 3838 942 3890 supro
962 3821 1096 3874 hominum
1117 3824 1264 3889 potentium
1283 3823 1436 3876 coniectum

340 3893 420 3948 esset,
440 3890 574 3955 vertigiue
593 3902 732 3961 correptus
751 3903 779 3948 et
795 3904 914 3947 untumm
933 3896 1061 3946 incertum
1081 3902 1108 3946 et
1126 3893 1281 3946 mutabilem
1300 3910 1363 3946 esse
1382 3895 1436 3947 hu.

339 3955 425 4010 menis
443 3955 520 4007 metis
539 3967 565 4009 et
584 3962 720 4015 doloribus
740 3967 894 4029 osteudens,
914 3981 962 4017 sus
979 3974 1075 4032 sponte
1094 3981 1128 4018 ex
1147 3980 1217 4034 equo
1239 3967 1435 4018 interrumde.

339 4028 437 4083 flueret
455 4039 654 4100 corrueretque,
679 4036 798 4090 medidus
824 4046 850 4090 et
874 4037 979 4093 iuratus
1007 4036 1122 4089 hostium
1147 4037 1251 4108 ingenti
1279 4044 1306 4088 et
1331 4036 1434 4091 norisii

340 4100 472 4173 smssuiue
490 4113 579 4170 neque
600 4104 687 4159 minus
707 4106 786 4160 etium
804 4110 915 4180 proprio
936 4115 962 4163 et
971 4112 1095 4178 martyris
1105 4108 1283 4167 circumimus
1294 4109 1435 4180 squslorez
