3222 5000
521 316 792 415 'uisroms
1000 319 1038 329 ”
1190 310 1238 384 57

147 478 184 565 μή
205 474 417 563 προήσεσθαι,
438 480 493 541 καὶ
513 475 610 541 ου’τόν
633 474 772 552 σπονδάς
795 479 864 567 μετ’
888 476 1009 541 ἐκείνου
1029 466 1241 543 συντίθεσθαι

148 580 194 646 κατ’
212 582 269 663 τής
290 581 457 660 βασιλικῆς
480 575 624 655 όξουσιάς
652 574 870 658 μεταὼθόναι.
924 580 979 642 καί
998 577 1113 641 αύτύκα
1137 578 1242 662 εύφη-

147 682 227 761 μἀες
252 681 311 744 τόν
339 678 507 764 Κυμνηνόν
527 682 771 762 κατεγέραιρον,
799 677 967 763 κατήγοροι
998 681 1031 743 ἐν
1062 678 1167 765 eudred
1188 677 1243 741 κατ’

148 780 309 866 συνήγοροι
329 784 385 845 καί
408 777 624 863 προασπισταί
646 776 840 860 δεικνύμενοι
862 782 918 843 τού
940 778 1069 863 όνόρός·
1126 774 1161 842 ὃν
1179 774 1239 861 γάρ

128 882 359 963 δέξομύσασθαι
388 879 494 965 ἔλεγον
526 883 580 945 κατ’
610 872 647 946 οό
677 882 736 967 τήν
753 872 875 969 ’φιλίαν
895 882 973 964 μετά
1003 883 1060 948 τού
1084 885 1243 965 βασιλέως

148 983 290 1061 καθάπαξ
327 984 560 1066 άπαγορεύειν,
595 980 697 1070 τούτῳ
733 988 1040 1069 παρεμβεβλημέυως
1077 984 1243 1065 βασιλικῆς

149 1083 229 1162 α’ξάας
250 1088 451 1166 περιετάθουν
474 1080 575 1167 τιμήν.
618 1086 826 1168 συνεκρότησε
841 1087 876 1152 δὲ
899 1086 1023 1162 τούτοις
1047 1087 1101 1150 καί
1120 1082 1139 1169 ή
1163 1081 1243 1166 πρός

148 1183 259 1259 αύτούς
278 1180 414 1260 κάθοδος
435 1193 497 1250 τῶν
518 1186 577 1248 τού
602 1184 805 1269 πατριάρχου
837 1187 991 1270 α’νεψιῶν.
1044 1188 1157 1251 ἐκεῖνον.
1179 1182 1241 1268 γάρ

148 1279 187 1359 τός
205 1288 397 1365 πευσόμενοι
418 1283 474 1370 τήν
496 1287 600 1350 αἰτίαν
621 1289 676 1368 τής
710 1285 848 1361 στάσεως
873 1286 1084 1362 καταπτάντες
1107 1289 1139 1364 ἐξ
1161 1286 1245 1349 α’πσ-

114 1389 251 1469 ιθοτσλής
284 1391 343 1449 τοῦ
365 1386 539 1470 ἀρχιερέως
564 1391 779 1471 ουλληφθεῖσι
807 1385 893 1471 παρά
925 1392 987 1454 τεόν
1008 1387 1244 1467 στασιαζόντων

147 1480 289 1571 ἐιήκεοαν,
311 1488 367 1550 κατ’
394 1477 466 1568 άρτι
489 1489 771 1573 διαχειρισθήναι,
795 1488 825 1553 εἰ
856 1487 901 1573 μή
925 1487 941 1552 ό
966 1490 1163 1574 πατριάρχης
1184 1512 1244 1552 κα-

145 1585 261 1650 τελθάν
283 1589 480 1668 συμπνεύοει
502 1586 625 1661 τούτοις
649 1587 728 1672 πρός
749 1587 782 1651 τό
815 1575 1013 1674 ζητούμενον.
1064 1591 1167 1672 νυγείς
1187 1581 1245 1652 σόν
1287 1639 1288 1642 ,

148 1693 208 1763 τοῖς
229 1687 423 1771 σπλάγχνοις
454 1691 509 1772 τής
533 1690 678 1776 φύσεως,
701 1690 772 1754 ε’πεί
787 1694 842 1755 κατ’
868 1687 1094 1777 πατράόελφσς
1118 1681 1157 1774 ἦν
1179 1715 1244 1754 πα-

146 1785 215 1869 τρός
228 1788 346 1872 μικρόν
367 1789 523 1876 α’ποόάων,
539 1791 595 1854 καί
604 1814 634 1853 τε
652 1790 707 1856 κατ’
720 1794 887 1875 άναγκαῖσν
900 1789 1182 1876 ὑπολογισάμενος,
1192 1792 1245 1856 ἵνα

112 1885 187 1970 lips)
211 1890 430 1971 όιχσνοούντος
452 1894 511 1953 τοῦ
532 1887 675 1973 πλήθους
703 1887 749 1956 ἔτι
770 1890 809 1955 τά
832 1894 885 1975 τῆς
914 1890 1010 1976 όργής
1028 1893 1170 1979 ε’κκαοθή
1191 1893 1246 1955 κατ’

146 1984 279 2069 πόλεμος
302 1984 457 2074 ἐμφύλιος
480 1989 524 2065 εἰς
546 1986 603 2075 τήν
623 1995 896 2057 καταστέλλσυσαν
929 1993 1018 2056 πόλιν
1037 1989 1095 2066 τάς
1116 1991 1244 2064 στάσεις

145 2087 314 2174 ε’γγάνηται,
338 2089 483 2174 πρόεισιν
504 2092 550 2165 εἰς
572 2090 607 2154 τό
629 2089 724 2174 ἱερόν,
745 2090 800 2157 κατ’
824 2101 889 2168 τοῖς
912 2089 1040 2167 α’όύτοις
1063 2092 1244 2174 προσκαθί-

145 2212 201 2262 σας
224 2184 309 2255 σύτω
332 2188 440 2274 κριτής
469 2194 531 2256 τῶν
557 2196 732 2275 λεγομένων
762 2194 818 2255 κατ’
844 2189 1005 2277 διαιτητής
1039 2190 1242 2275 ἐχρημάτισε,

145 2291 198 2353 κατ’
219 2286 280 2373 τήν
300 2289 402 2374 ῥοπήν
422 2299 489 2366 τοῖς
519 2296 755 2376 καθαιρεθῆναι
778 2290 988 2374 τὸνβασιλέα
1012 2293 1067 2354 κατ’
1092 2291 1242 2354 άντειοα-

107 2393 269 2474 λθχθήναι
298 2388 353 2454 τόν
376 2389 543 2476 Κομνηνόν
576 2396 725 2459 ἐθέλουσι
747 2392 822 2468 θοός
844 2391 897 2456 διά
931 2389 988 2474 τήν
1011 2392 1073 2455 τοῖν
1094 2384 1245 2454 πλειόνων

143 2489 329 2571 άρέσιιειαν,
352 2489 405 2556 ἵνα
424 2490 468 2575 μή
490 2490 528 2557 τά
562 2494 616 2579 τής
639 2493 818 2567 ἐκστάσεως
837 2493 881 2566 εἷς
906 2489 1071 2578 ἐμφύλιον,
1091 2488 1135 2565 τός
1156 2484 1245 2552 εἴπο-

141 2612 209 2671 μεν,
230 2591 463 2676 όναπσσκήτμειε
484 2595 640 2678 πόλεμον,
664 2588 746 2661 ούτω
768 2592 826 2678 τήν
846 2590 1010 2679 εύφημίαν
1031 2594 1091 2656 τού
1112 2594 1245 2674 Κομνη-

142 2692 197 2755 νοεῖ
216 2693 330 2772 μεῖςον
353 2696 456 2779 ἑξήρε,
479 2704 545 2772 τοῖς
566 2693 706 2783 ἱερεῦσιν
726 2698 829 2761 αὐτοῦ
848 2695 964 2778 ταύτην
986 2689 1158 2778 καθολικήν
1174 2687 1246 2757 ἔπι-

215 2860 241 2980 ἑ·
261 2861 471 2987 πθ9θόθσὸθαι
489 2861 518 2916 G.
681 2862 706 2914 t.
725 2866 881 2936 περιετίθει
900 2860 937 2919 G:
966 2861 1084 2917 correxit
1101 2860 1243 2929 interpres.

236 2966 243 2981 .
264 2949 314 2985 τοο
333 2947 375 2984 om
417 2970 424 2983 .

142 3094 217 3151 sent,
249 3088 413 3141 Gomnermm
444 3106 497 3141 non
533 3094 699 3143 concessisse
726 3101 758 3143 et
790 3094 874 3160 ipsum
908 3099 983 3157 pacta
1016 3105 1074 3142 cum
1102 3089 1151 3140 iiio
1177 3103 1245 3154 pan-

141 3174 216 3224 gere,
247 3168 275 3209 et
298 3162 391 3227 regiae
416 3164 556 3228 potcstatis
582 3165 736 3230 participem
766 3164 873 3214 iacere:
903 3172 983 3229 atque
1009 3164 1096 3214 statim
1124 3158 1245 3210 laudibus

141 3230 310 3282 Comnenum
339 3230 513 3298 honorabant,
538 3243 707 3285 accusatores
727 3232 805 3285 simul
825 3241 851 3283 et
869 3232 1025 3284 defensores
1045 3238 1071 3281 et
1090 3244 1245 3297 propugna-

140 3310 214 3353 tores
245 3317 277 3353 sc
305 3303 447 3354 reddentes
473 3307 539 3356 viri:
566 3322 643 3374 quem
669 3307 738 3356 enim
758 3320 788 3356 so
807 3303 945 3356 abiurasse
965 3311 992 3354 at
1010 3302 1085 3353 cuius
1105 3300 1245 3351 amicitiam

140 3390 198 3425 casn
219 3388 290 3439 rego
309 3377 416 3426 omnino
436 3391 536 3445 negare
555 3377 687 3441 dicebant,
708 3377 770 3428 huic
789 3382 889 3427 mutato
909 3374 986 3426 modo
1006 3372 1098 3441 regiae
1108 3372 1245 3440 dignitatis

139 3443 290 3495 induebant
309 3444 448 3497 honorem.
486 3451 612 3499 convenit
640 3448 681 3500 his
701 3449 778 3499 etiarn
804 3447 903 3499 reditus
932 3445 1049 3498 affinium
1068 3440 1244 3510 patriarchae.

137 3514 177 3567 ilii
199 3517 277 3566 euius
296 3519 371 3584 quasi
392 3520 525 3586 cognituri
545 3535 649 3571 causans
668 3520 761 3571 turhao
781 3527 953 3572 occurrentes
972 3518 1052 3568 missu
1070 3515 1246 3580 summipon.

137 3587 220 3637 tiiicis
243 3589 330 3654 captis
349 3603 365 3637 a
384 3589 519 3641 seditiosis
539 3591 836 3658 comprehensi‘erant:
857 3599 885 3641 et
901 3589 989 3641 necati
1009 3593 1107 3649 essent,
1128 3586 1178 3637 nisi
1196 3600 1246 3651 pa·

137 3656 262 3708 triarchas
281 3658 423 3727 degressus
451 3676 575 3713 assensus
604 3672 675 3714 essct
694 3665 726 3714 iis
745 3663 778 3714 de
797 3679 826 3714 rc
848 3661 975 3730 quaesita.
1013 3660 1082 3710 ictus
1101 3657 1183 3725 igitur
1201 3656 1246 3706 in.

135 3732 240 3780 testina
261 3737 382 3793 naturae,
403 3747 461 3782 curn
482 3742 509 3783 ot
527 3733 674 3785 avunculus
695 3742 767 3785 esset
784 3741 859 3799 patre
877 3745 931 3783 non
949 3730 1058 3781 multam
1078 3729 1200 3793 inferior,
1220 3736 1247 3779 et

135 3809 273 3867 reputans
286 3800 387 3869 aliquid
400 3805 555 3870 necessarii,
574 3821 609 3856 nc
628 3805 802 3858 dissentiente
815 3803 984 3855 multitudine
1003 3804 1054 3855 iam
1073 3802 1111 3853 ira
1130 3816 1247 3870 augere-

135 3880 187 3936 tur,
210 3880 241 3922 et
272 3870 373 3923 bellurn
400 3875 532 3927 internum
557 3877 585 3928 in
611 3877 676 3928 arbe
695 3876 818 3929 dissidias
837 3875 1003 3942 deprimente
1022 3873 1155 3936 oriretur,
1181 3885 1247 3939 pro-

134 3944 266 4017 greditur
285 3943 316 3994 ad
334 3943 461 4012 templum
481 3949 508 3997 in
529 3948 620 4000 intimo
641 3949 698 3998 cius
717 3947 778 3998 loco
797 3947 917 3998 assidens
937 3946 973 3999 ita
992 3945 1072 3997 iudex
1096 3956 1247 3996 sermonum

135 4024 160 4065 st
179 4015 291 4066 arbiter
311 4014 396 4067 iactus
417 4025 472 4081 est,
493 4026 520 4069 et
537 4020 712 4086 principatum
732 4019 765 4068 iis
785 4019 830 4086 qui
848 4017 908 4069 tolli
927 4032 1020 4086 regern
1040 4023 1067 4068 et
1084 4030 1133 4083 pro
1153 4029 1185 4065 co
1203 4015 1247 4065 in-

135 4087 199 4138 duci
223 4085 393 4139 Comnenum
421 4088 540 4155 vellent,
567 4090 684 4141 tribuens
713 4098 822 4156 propter
848 4088 963 4156 plurium
990 4089 1187 4147 assensionem,
1212 4100 1247 4134 aa

134 4159 253 4210 dissidia
276 4158 302 4207 in
322 4158 463 4224 internum,
483 4169 511 4211 ut
526 4163 648 4225 diximus,
669 4161 798 4213 incideret
813 4160 926 4227 belluni,
946 4163 981 4212 ita
1000 4159 1104 4211 laudem
1118 4153 1246 4210 comneni

135 4232 225 4298 magis
249 4228 382 4282 efferebat
391 4232 573 4286 sacerdotibus
583 4235 638 4285 suis
657 4232 726 4285 hanc
736 4234 889 4302 generalem
908 4232 1066 4285 sententiam
1082 4225 1242 4280 concedens:
