3168 4988
337 361 412 433 288
560 296 843 432 '‘urfflmm
875 357 1150 441 Ammonis,

337 520 465 610 ὅτιπερ
489 520 638 598 δουκινῶς
667 522 771 608 ἆρχοὶς
799 522 935 608 ἑχόντων
965 529 1029 590 τῶν
1056 526 1282 590 Βυτανειατῶν
1314 524 1373 590 κιίν
1399 528 1435 613 τῇ

240 634 244 639 ’
336 621 427 690 δυ’σει
447 628 502 691 κατ’
524 620 702 708 διαβοήτων
723 618 822 690 ὄντων
840 629 915 711 περί
933 622 972 691 τοὶ
992 628 1157 709 κράτιστα,
1179 622 1208 689 οἱ
1228 624 1346 690 τούτου
1361 625 1435 707 πρὸ·

336 748 413 809 γονα
435 726 511 789 οιίδέ
539 728 739 807 παραστῆναι
757 725 881 801 τούτοις
911 725 1067 808 η’δίναντο
1090 727 1145 789 καί
1161 723 1249 803 τάξιν
1270 727 1434 808 πληρῶσαι

341 825 527 910 ὑπηρετῶν,
557 826 692 912 α’φανεῖς
723 816 809 900 ὄντες
840 827 895 890 καί
923 829 1007 910 μηδὲ
1040 833 1105 900 τοῖς
1126 825 1359 910 εὐτελεστέροις
1377 829 1436 889 τῶν

338 926 530 1006 ἀξιωμάτων
550 928 584 989 ίκ
608 924 741 1010 τάγματι
764 929 980 1015 στρατιωτικῷ
1009 926 1271 1008 συνταττόμενοι,
1295 926 1367 989 οόδ’
1387 922 1460 998 tus

336 1029 371 1091 έκ
394 1029 449 1110 τῆς
472 1019 553 1103 idon
575 1025 769 1113 εὐπατρίδης
791 1027 808 1088 o‘
829 1026 981 1109 βασιλευς
1002 1032 1155 1114 πέφυκεν,
1175 1020 1271 1101 οὗτὸς
1294 1024 1437 1094 diant-

241 1116 247 1125 ·
336 1151 405 1212 ρισς
425 1127 480 1192 καί
499 1123 649 1211 δυσγενής
671 1130 736 1192 ἐστι
761 1126 839 1194 κατὰ
862 1127 1047 1215 sepeponere·
1102 1132 1157 1193 καί
1177 1126 1231 1191 διὰ
1255 1130 1352 1192 τοῦτο
1375 1153 1435 1193 και.

312 1286 315 1293 ,
338 1233 400 1306 νῶς
422 1224 521 1295 αὐτόν
546 1227 764 1312 α’πεκηρυτταν
786 1224 932 1311 ἅπαντες,
950 1232 1015 1296 ’καί
1035 1224 1117 1317 ὅρκην
1140 1230 1437 1316 πληροφορησαντες

335 1336 451 1416 μέχρις
473 1329 606 1410 αἵματος
636 1333 889 1413 διαγωνίσασθαι
917 1337 984 1397 κατ’
1006 1332 1108 1397 αὐτοῦ
1128 1329 1167 1396 sd
1191 1324 1308 1415 εὔορκα
1331 1338 1438 1417 ψηφί-

336 1435 460 1497 σασθαι
481 1432 525 1519 τῷ
550 1431 726 1519 ἐπουρανίῳ
746 1434 877 1512 βασιλεῖ
897 1432 1111 1496 καθικέτευον.
1448 1447 1476 1500 ld

434 1533 517 1601 Ἀλλ’
541 1531 556 1597 ὃ
579 1528 729 1612 βασιλευς
759 1527 797 1595 τῶ
824 1531 904 1614 πρὸς
933 1533 987 1598 τὸν
1015 1536 1152 1615 πόλεμον
1182 1534 1364 1619 έξαρτυων,
1387 1536 1441 1598 καί

336 1632 438 1699 πάντα
469 1631 549 1697 κατὰ
580 1629 671 1715 λόγον
704 1629 758 1695 καί
785 1630 899 1715 τρόπον
929 1636 1084 1710 συνέσεως
1114 1636 1309 1719 καταρτίζων
1338 1636 1372 1698 έν
1398 1637 1439 1722 τῷ

336 1728 487 1820 ἀσφαλεῖ,
508 1732 563 1797 καί
581 1732 733 1815 δυνάμεις
751 1732 931 1814 Ῥωμαϊκῶς
950 1734 985 1798 έκ
1001 1734 1130 1819 Κρήτης
1151 1740 1374 1819 συναθροίσας
1395 1736 1439 1811 εἰς

335 1832 371 1898 τὸ
392 1831 530 1917 πρὸτῆς
552 1831 672 1907 πόλεως
698 1835 825 1913 πεδίον,
852 1836 907 1897 καί
931 1834 1090 1917 Τουρκσυς
1121 1834 1439 1918 διαπεραιωσοὶμενυς

337 1932 393 1999 καί
409 1933 655 2019 καταριθμησας
676 1941 740 2010 τοῖς
760 1930 879 2000 ἑαυτοῦ
898 1936 1116 2019 στρατιώταις,
1136 1934 1196 2011 οὓς
1217 1934 1234 1999 ὃ
1257 1935 1319 2020 πρὸ
1341 1937 1440 2002 αὐτοῦ
1449 1952 1478 2005 15

336 2034 488 2115 βασιλεὺς
500 2034 516 2099 ὅ
528 2033 666 2119 Μιχαὴλ
676 2043 805 2111 πολλαῖς
818 2037 1019 2119 ἐπαγγελίαις
1030 2036 1085 2102 καί
1094 2034 1210 2120 δῶροις
1222 2038 1372 2121 ἀμέτροις
1383 2037 1440 2102 oris

339 2132 485 2221 ἠδυνήθη
497 2144 673 2220 συμπεῖσαι
695 2140 749 2200 καί
763 2138 940 2221 περαιῶσαι
958 2136 1038 2220 πρὸς
1058 2136 1098 2202 τοὶ
1111 2134 1244 2220 ἑσπέρια
1261 2141 1440 2223 (ἐπείθοντο

342 2235 402 2320 γδρ
427 2238 482 2302 καί
500 2237 680 2303 ὖπέκυιιτσν
704 2242 748 2324 τῷ
768 2234 961 2326 Βοτανειοὶτη
986 2241 1108 2319 μᾶλλον
1131 2230 1150 2320 ἢ
1171 2235 1301 2314 ἑαυτοῖς
1322 2238 1366 2314 ῶς
1387 2240 1443 2303 έλ-

336 2361 423 2404 κυντι
446 2338 565 2414 πάντας
586 2335 665 2422 πρός
695 2336 752 2402 τόν
781 2336 881 2402 πόθον
903 2339 1038 2423 nobee),
1058 2336 1198 2423 α’ρχηγόν
1218 2342 1278 2403 τοῦ
1299 2342 1439 2419 πολέμου

335 2441 607 2523 προχειρίσασθαι
640 2441 858 2509 erraneum..
898 2433 1091 2513 ἱκανώτατος
1119 2440 1155 2502 δέ
1185 2434 1231 2503 ῶν
1261 2443 1481 2520 συμβολεένυ)

333 2536 368 2605 τί
389 2541 460 2604 δέον
480 2537 536 2604 καί
555 2540 819 2624 κατανυὴυασθαι
840 2531 1009 2624 ἄνθρωπον
1030 2538 1048 2601 ί
1067 2538 1282 2626 Βυτανειοίτης
1301 2538 1356 2606 τόν
1376 2565 1441 2604 νω-

332 2644 517 2722 βελλίσιμσν
552 2642 691 2718 Ἀλέξων
710 2638 765 2706 εδν
788 2637 976 2725 Κσμνηνόν,
999 2636 1034 2716 dc
1055 2641 1111 2704 τὸν
1128 2640 1311 2706 Ῥουσέλιον
1340 2644 1375 2706 έν
1395 2644 1441 2730 τῷ

333 2741 451 2820 θέμοτι
465 2742 528 2805 τῶν
549 2743 766 2827 Ἀρμενιακῶν
789 2739 978 2825 ειίμηχιίνως
999 2742 1193 2826 ἐχειρώσατο
1205 2742 1262 2806 καί
1282 2742 1437 2809 διέσωσεν

251 2986 259 2999 ι
334 2963 484 3034 guntionis,
502 2965 643 3031 nimirum,
661 2966 727 3019 licet
753 2968 827 3020 ducis
852 2967 962 3035 imperis
987 2966 1117 3021 baberent
1134 2968 1294 3022 botunintne
1313 2970 1342 3022 in
1360 2972 1438 3024 oeci-

334 3036 413 3088 dente
438 3044 465 3088 et
488 3036 553 3089 cieri
578 3034 671 3090 'essent
693 3039 721 3090 in
739 3039 875 3107 menimis,
905 3038 983 3090 buius
1010 3040 1125 3092 maiores
1152 3056 1188 3092 ne
1210 3049 1300 3093 astare
1331 3044 1438 3110 quidem

334 3107 376 3160 bis
395 3108 515 3175 potuisse
529 3116 555 3159 et
576 3110 693 3161 ordinem
715 3110 825 3178 expiere
844 3111 1039 3175 ministrorum,
1059 3113 1165 3179 ignotos
1183 3128 1274 3180 neque
1294 3112 1438 3166 vilioribus

241 3198 243 3201 ’
334 3178 438 3248 quidem
464 3179 635 3249 dignitatibus
661 3182 688 3232 in
714 3182 806 3234 ordine
832 3182 939 3232 militari
959 3184 1139 3249 compositos,
1159 3199 1247 3251 neque
1267 3198 1438 3254 cognoscens

334 3265 368 3301 ex
387 3250 490 3301 oriente
508 3249 624 3302 nobilem
642 3267 733 3321 regem
755 3269 830 3317 esse,
856 3254 940 3319 ipsum
959 3261 1046 3305 sutem
1067 3254 1260 3307 occidentalem
1281 3264 1309 3307 et
1327 3256 1438 3325 ignobi-

334 3318 387 3371 lem
410 3323 620 3387 comparatione:
650 3331 729 3391 etque
751 3332 893 3391 propterea
916 3324 994 3377 simui
1020 3340 1079 3375 eum
1098 3325 1274 3392 repudinbnnt
1300 3342 1393 3379 omnes
1411 3334 1439 3379 et

334 3389 504 3452 iureiurnndo
523 3394 708 3459 promittentes
733 3410 762 3445 se
782 3394 856 3446 velle
883 3398 1019 3464 usquead
1043 3398 1200 3465 sangninem
1220 3406 1326 3450 eertnre
1344 3407 1440 3450 contr·

334 3476 403 3526 oum,
429 3461 576 3514 coelestem
595 3479 686 3531 regem
707 3464 894 3532 implorabunt,
913 3475 944 3518 ut
967 3483 1035 3535 quse
1054 3469 1086 3521 nd
1108 3469 1291 3521 iusiurandum
1309 3477 1369 3538 τρέε
1388 3485 1439 3522 es·

228 3574 232 3579 ,
333 3539 393 3583 sent
411 3539 548 3584 statueret.

431 3618 483 3670 Sed
502 3635 551 3672 rex
569 3619 671 3672 beilum
690 3636 787 3688 pnrsns
808 3633 835 3677 et
853 3627 940 3678 omnis
955 3642 988 3678 ex
1006 3628 1110 3678 ratione
1125 3627 1284 3695 prudentiss
1304 3629 1440 3681 instruens

332 3695 390 3738 tuto
410 3696 438 3738 et
454 3704 545 3744 monos
564 3686 697 3745 Romnbns
717 3711 731 3745 e
752 3695 831 3748 Crete
856 3711 956 3765 cogens
981 3699 1008 3749 in
1029 3713 1147 3766 cnmpnm
1166 3707 1229 3751 nnte
1248 3701 1343 3752 urbem
1361 3703 1440 3752 situ

333 3765 360 3807 et
379 3756 476 3809 Torcns
494 3763 670 3817 transducens
694 3773 721 3817 et
739 3781 915 3820 nnnumernns
941 3770 996 3820 suis
1014 3768 1159 3833 militibus,
1180 3785 1248 3838 qnos
1268 3772 1376 3840 quidem
1395 3772 1440 3840 qni

332 3833 394 3877 onte
421 3842 478 3880 enm
503 3834 629 3900 regnavit
652 3835 767 3889 blichnel
792 3837 881 3890 moitis
906 3841 1043 3905 promissis
1068 3850 1095 3892 et
1125 3841 1201 3893 donis
1225 3844 1365 3894 immensis
1386 3857 1439 3894 non

331 3904 458 3980 potpepnt
478 3904 595 3954 ereitnre
615 3913 643 3955 et
660 3908 832 3961 transducere
860 3911 893 3962 sd
913 3911 1079 3963 occidentem
1108 3913 1254 3981 (psrebsnt
1273 3916 1345 3965 enim
1365 3922 1440 3966 etse

331 3966 510 4022 subiiciebant
528 3970 686 4027 Botsnintso
705 3982 791 4047 magis
817 3997 894 4049 quom
914 3982 989 4048 ipsis,
1014 3990 1043 4033 nt
1060 3983 1176 4035 trohenti
1197 3998 1290 4036 omnes
1311 3985 1345 4036 sd
1365 3985 1440 4036 desi.

330 4039 433 4092 derium
454 4040 521 4111 sni),
544 4041 637 4094 ducem
657 4045 724 4098 belli
748 4066 840 4102 creone
860 4052 1000 4103 sternebat.
1037 4055 1191 4121 aptissimus
1210 4063 1301 4106 eutem
1322 4056 1355 4107 nd
1374 4070 1440 4108 eon-

330 4111 481 4163 stituendns
501 4126 545 4163 res
565 4119 730 4168 necessarius
749 4130 776 4172 et
795 4124 1009 4191 cognoscendum
1029 4124 1162 4176 bominem
1181 4125 1340 4179 Botnnintes
1359 4126 1442 4179 nobi·

331 4179 462 4233 dissimum
481 4181 606 4236 Alexium
626 4184 808 4256 comnennm,
834 4195 879 4263 qui
904 4194 1042 4247 Ruselium
1072 4198 1099 4248 in
1118 4199 1260 4262 provincis
1278 4196 1443 4250 Armenines

330 4250 476 4317 prudenter
494 4255 602 4323 subegit
620 4265 647 4310 et
665 4263 786 4315 terserit
803 4266 831 4316 in
859 4268 980 4334 regiam,
999 4267 1108 4335 dignum
1126 4267 1175 4321 tsii
1193 4270 1310 4337 imperio
1329 4270 1442 4323 indicn-
1503 4338 1514 4353 ι
