3182 4986
534 383 742 491 alsaoam.
1135 380 1185 453 9⁹

83 551 243 633 Ῥωμαίων
263 555 360 640 α’ρχῇ.
403 557 474 619 ἐπεί
494 556 529 620 ύέ
550 560 606 621 καί
629 555 646 619 t
667 555 783 631 σκονιύς
805 559 863 621 τού
875 555 991 639 α’νύρὸς
1006 557 1044 621 ού
1066 564 1188 642 φιλαυ-

86 658 150 727 τιάς
171 652 252 717 ιῖλλύ
289 656 504 741 φιλαδελφίας
533 656 588 720 καί
619 661 841 742 φιλευσεβείοις
862 653 934 732 ὅλος
956 649 1003 741 ήν,
1028 658 1071 733 ὥς
1093 662 1189 741 προέ-

89 778 205 839 φαμεν,
229 760 475 839 περιαλγούντος
495 760 551 840 τῆς
565 759 627 821 τῶν
650 757 1069 840 ύρθσδύξανκακοπαθειας,
1093 760 1188 844 ένηρ-

86 851 166 938 γήθη
189 852 301 918 λοιπύν
329 865 392 931 τοῖς
414 856 600 939 εὐχομένοις
622 855 661 921 τύ
683 860 740 941 τής
766 854 873 943 εύχής,
892 856 947 922 καί
966 857 1188 940 παραστάντος

64 955 186 1026 satiro&
208 959 250 1042 api
270 961 426 1046 βασιλικρῖ
447 956 568 1041 βήματι
585 963 752 1043 περιέσχεν
777 956 864 1037 ἔλεος
886 954 1020 1043 ἄσχετον
1041 957 1100 1042 τήν
1112 959 1188 1024 Αύ-

85 1058 235 1138 γούοεαν,
267 1061 322 1120 καί
341 1057 518 1140 σταλαγμοί
536 1060 685 1143 δακρύων
712 1062 774 1123 ταῖν
790 1058 963 1147 βλεφάρων
984 1056 1097 1143 ταύτης
1119 1060 1188 1135 ε’ξί-

86 1178 201 1219 ardor·
252 1147 290 1238 ἦν
310 1155 371 1242 γύρ
393 1153 408 1220 ὅ
435 1157 513 1242 α’νήρ
545 1161 586 1222 ού
604 1159 700 1240 μόνον
718 1168 785 1236 τοῖς
810 1151 917 1235 ἄλλοις
939 1157 1187 1243 πλεονεκτήμασι

86 1262 256 1339 κρατερῶν,
279 1254 359 1321 ditat
381 1261 436 1321 καί
456 1263 615 1341 θεαθῆναι
639 1259 841 1325 παντάπασιν
858 1256 1008 1343 ήύιστος,
1031 1258 1186 1344 ἐπιμήκης

85 1379 117 1419 τε
138 1358 196 1420 καί
213 1358 350 1441 στέρνων
371 1361 426 1423 καί
447 1351 551 1424 νύτων
569 1363 603 1425 έν
626 1365 712 1447 καλῷ
732 1359 968 1445 καθορώμενος,
990 1366 1044 1426 καί
1063 1364 1187 1443 εύγενὲς

49 1472 114 1525 ιλιι
135 1461 238 1523 πνέων
261 1456 304 1534 ὦς
326 1452 455 1543 ύληθοῖς
476 1460 531 1524 καί
551 1465 706 1546 διογενές,
734 1459 944 1548 εύύφθαλμύς
966 1486 999 1526 τε
1031 1460 1118 1547 εἴπερ
1138 1486 1186 1537 τις

84 1550 193 1639 ύλλος,
214 1562 270 1624 καί
295 1560 409 1635 κάλλος
431 1561 629 1647 α’ποστίλβων
658 1572 725 1638 τοῖς
746 1565 939 1648 ὀφθαλμοῖς,
960 1564 1035 1647 μήτ’
1058 1564 1187 1648 ἀκριβές

85 1659 116 1725 τὸ
143 1659 256 1726 λευκὸν
288 1660 371 1744 μήτε
402 1662 437 1727 τύ
471 1668 571 1743 μέλαν
602 1664 777 1743 οίποσούζων
808 1663 960 1740 ολσοιύτως
984 1666 1051 1729 ἀλλ’
1079 1662 1186 1747 ὥσπερ

85 1767 393 1856 συγκεκερασμένον.
417 1811 424 1825 .
447 1811 455 1827 .
476 1767 515 1850 τῇ
539 1766 728 1853 δημιουργία
758 1768 796 1852 τῇ
817 1763 914 1850 φύσει
937 1766 992 1831 καί
1011 1791 1187 1859 συγκεκρα-

85 1866 176 1939 μένον
199 1867 244 1951 τῷ
266 1862 459 1947 έρυθήματι,
479 1868 537 1929 κα’ν
557 1862 682 1939 τούτοις
701 1860 799 1930 ἅπασι
822 1867 880 1949 τήν
896 1865 1073 1953 γλυκύτητα
1094 1891 1188 1949 περι-

48 1966 222 2032 retusam
246 1961 340 2045 ἔχων,
359 1969 414 2029 καί
434 1957 521 2044 ύξιον
543 1960 627 2041 είέος
649 1965 727 2031 κατύ
759 1961 813 2030 τύν
840 1965 978 2048 κωμικύν
1000 1972 1187 2049 τυραννίδος

85 2062 350 2145 ἐπιδεικνύμενος·
401 2062 446 2141 τίς
468 2058 525 2130 σύν
547 2069 600 2129 καί
632 2065 650 2150 ή
672 2060 798 2131 ἑστῶσα
820 2071 973 2151 γερουσία
994 2074 1185 2151 συνέπαθεν,

84 2161 184 2238 εύθύς
205 2162 460 2251 έπηκολούθησεν
489 2167 507 2250 ’i
530 2167 725 2251 συμπάθεια,
755 2169 810 2231 καί
830 2172 1020 2251 περισωθείς
1041 2175 1100 2233 τού
1118 2196 1187 2235 κιν-

84 2262 180 2328 δύνου
208 2270 265 2330 καί
289 2269 461 2347 βασιλικῶν
494 2264 652 2345 αξιούσιων
678 2263 790 2353 ἔτυχε,
819 2267 874 2332 καί
900 2272 1076 2344 α’πολυθείς
1098 2273 1185 2354 παρὰ

83 2362 207 2432 πύντων
229 2364 391 2451 ἠσπάζετό
413 2392 445 2432 τε
469 2369 525 2433 καί
542 2369 716 2455 εύφημεῖτο
737 2368 792 2433 καί
804 2367 895 2453 ἔργον
917 2370 1015 2454 εύχής
1035 2376 1186 2454 γενέσθαι

17 2480 19 2493 ’
43 2469 274 2553 λοκατήκουσε,
307 2471 363 2532 καί
384 2470 441 2551 τήν
463 2472 564 2536 αύτού
586 2470 744 2554 σωτηρίαν
777 2472 863 2535 ίύίαν
885 2469 1027 2561 ἐνόμιζεν
1048 2470 1185 2548 ἕκαστος.

81 2566 174 2647 reads
203 2561 259 2633 σύν
280 2572 325 2646 εἰς
349 2573 594 2654 Καππαδοκῶν,
631 2573 665 2647 ἐξ
693 2563 729 2655 ἧς
745 2568 812 2655 ’τήν
838 2566 943 2654 ἀρχήν
962 2574 1018 2656 τής
1037 2578 1186 2656 γενέσεως

81 2666 209 2755 ε’σχηκε,
229 2668 326 2736 πύλιν
338 2676 580 2758 μεταπεμφθείς
594 2673 638 2746 εἰς
651 2672 709 2757 τήν
729 2673 966 2754 βασιλεύουσαν
988 2677 1185 2759 εἰσελήλυθε,

81 2771 142 2835 κείν
162 2779 229 2848 τοῖς
247 2776 420 2855 γενεθλίοις
439 2776 498 2837 τού
522 2776 669 2855 Χριστού
688 2770 865 2859 μα’γιστρος
888 2779 944 2840 καί
964 2769 1184 2861 στρατηλοίτης

157 2960 182 3010 1.
201 2960 305 3032 μέλλον
325 2958 362 3013 (λι
380 2922 499 3012 correxit
515 2958 659 3047 Bruaotus.
721 2931 727 2941 ἱ

81 3133 128 3185 sed
149 3132 261 3185 fratrum
282 3134 378 3184 amoris
398 3141 425 3184 et
443 3134 549 3200 pietatis
569 3133 678 3201 plenum
698 3142 770 3185 esset
788 3140 817 3185 ut
836 3142 914 3185 antea
933 3134 1054 3195 diximus,
1075 3131 1183 3183 dolente

81 3204 162 3256 valde
186 3204 393 3257 orthodoxorum
419 3205 602 3273 aegritudine,
624 3207 747 3261 effectum
766 3205 817 3255 iam
839 3212 880 3255 eat
898 3204 1068 3270 precantibus
1093 3210 1183 3253 votum

82 3285 109 3329 et
133 3277 256 3328 adstante
285 3291 317 3327 co
346 3276 422 3343 regio
449 3278 606 3345 suggestui,
635 3278 773 3344 superauit
797 3276 981 3327 misericordia
1006 3273 1183 3326 irresistibiiis

81 3355 241 3415 augustam,
262 3355 289 3399 et
307 3346 473 3398 lacrimarum
494 3348 618 3400 humores
638 3364 672 3399 es
690 3347 776 3400 oculis
795 3346 941 3398 cadebant:
972 3353 1028 3397 erut
1053 3346 1122 3397 enim
1142 3347 1184 3398 vir

79 3434 135 3470 aon
156 3418 244 3471 solum
264 3421 363 3470 ceteris
384 3419 525 3470 virtutibus
544 3421 667 3486 superior
678 3421 725 3471 sed
743 3420 821 3470 etiam
839 3419 872 3469 ad
891 3419 1060 3485 spectandum
1076 3418 1183 3468 omnino

79 3492 275 3553 suavissimus,
304 3490 401 3557 longus
421 3496 448 3540 et
466 3498 576 3558 pectore
596 3500 622 3541 et
640 3500 716 3559 tergo
736 3490 848 3557 pulchre
876 3504 1021 3556 appareas,
1048 3496 1074 3539 et
1091 3489 1185 3540 nobile

79 3563 143 3630 quid
173 3563 277 3629 spirans
306 3577 401 3613 revera
433 3569 460 3612 et
478 3563 610 3623 diuinum:
637 3572 663 3614 et
680 3562 792 3630 pulcher
814 3560 900 3613 oculis
920 3563 943 3612 si
965 3562 1024 3629 quis
1050 3558 1137 3623 alius,
1157 3567 1185 3611 et

79 3632 308 3701 pulchritudinem
327 3632 471 3699 splendens
490 3632 592 3697 oculis,
612 3650 699 3718 nepus
718 3642 841 3685 accurate
860 3631 948 3684 album
966 3648 1054 3700 aequo
1078 3633 1183 3717 uigrpm

77 3720 193 3757 servans
214 3705 309 3755 eodem
328 3705 415 3768 ruodo,
434 3704 480 3755 sed
503 3706 578 3771 quasi
598 3707 767 3757 cuniunctum
786 3704 899 3757 artificio
919 3718 933 3755 a
952 3711 1046 3757 natura
1066 3712 1093 3755 et
1113 3706 1184 3757 mir.
1244 3740 1249 3747 -

76 3786 132 3828 tum
160 3774 253 3826 rubori
280 3782 307 3826 et
331 3776 358 3825 in
383 3775 425 3826 his
453 3776 575 3827 omuibus
607 3778 765 3828 suavitatem
796 3776 982 3827 circumdatam
1008 3774 1126 3841 habeas,
1157 3784 1184 3827 et

77 3850 189 3931 dignum
209 3861 308 3913 corpus
326 3834 470 3898 secuudum
490 3849 619 3901 comicum
640 3856 745 3930 poetam
764 3846 904 3911 tirannide
932 3847 1084 3899 ostendeus.
1124 3859 1194 3899 eum*

77 3921 163 3985 igitur
184 3919 264 3970 etiam
283 3918 388 3969 adstans
409 3927 517 3969 senatus
537 3920 734 3971 miserationem
759 3919 881 3981 sentiret,
910 3920 997 3970 statim
1023 3928 1114 3972 secuta
1143 3927 1184 3971 est

76 3990 267 4041 misericordia
286 3997 314 4040 et
330 3997 452 4043 servatus
478 4008 493 4039 e
518 3990 639 4055 periculo
667 3998 694 4040 et
721 3991 795 4056 regia
824 4006 932 4043 munira
956 3991 1067 4058 adeptus
1093 4000 1134 4043 est
1157 4000 1184 4041 et

76 4061 210 4113 liberatus
231 4060 265 4110 ab
284 4061 406 4111 omuibus
425 4060 589 4112 salutabatur
608 4069 634 4111 et
653 4060 807 4114 laudabatur
827 4071 918 4113 etrem
937 4065 993 4115 voti
1014 4064 1108 4116 iactam
1122 4078 1183 4113 essu
1265 4107 1272 4113 .

75 4135 183 4185 audivit
207 4139 235 4181 et
264 4133 321 4182 eiua
350 4131 461 4183 satutem
489 4149 561 4183 suam
592 4135 706 4199 quisquo
734 4135 849 4199 putabat.
895 4151 1019 4203 egressus
1045 4137 1126 4201 igitur
1150 4132 1183 4182 ad

76 4204 269 4287 Cappadocum
288 4210 395 4267 terram,
414 4221 447 4253 ex
466 4218 517 4269 qua
537 4205 639 4255 initium
658 4206 766 4271 generis
795 4206 903 4270 habuit,
929 4222 1018 4257 rursus
1037 4204 1181 4256 arcessitus

74 4278 107 4329 ad
133 4276 241 4345 regiam
272 4272 382 4326 aduenit
408 4284 435 4329 ot
459 4274 541 4327 natali
570 4276 613 4325 die
638 4276 737 4329 Christi
754 4279 881 4346 magister
899 4285 925 4328 et
944 4278 996 4329 dux
1015 4274 1180 4327 renundatus
