3150 4986
624 348 831 421 HISTOth.
1192 348 1263 421 173

165 517 243 597 λείν,
265 504 325 597 δση
346 512 428 577 κατὰ
447 514 601 579 Πισιδίαν
622 517 677 578 καί
695 517 855 596 ’[σαυρίαν
877 515 933 577 καί
954 513 1055 597 αιῖτῆν
1071 514 1268 595 Λυκαονίαν,

165 615 214 689 τίς
235 608 335 697 αὖτῆυ
356 637 390 678 τε
411 616 473 679 τών
486 611 713 707 Παφλαγόνων
736 612 791 680 καί
802 613 993 698 Ὁναριαὶδα,
1012 616 1068 678 καί
1086 610 1208 690 πάντας
1227 615 1269 707 τῷ

114 724 118 729 ’
166 711 283 796 πλῆθει
305 710 485 793 βιάσασθαι
508 717 658 798 γενέσθαι
679 713 738 799 ὑφ’
759 707 894 794 ἑαυτόν,
923 705 991 777 εἶτα
1015 716 1070 779 καί
1096 714 1141 788 είς
1161 719 1268 779 Bedu-

167 816 239 879 νιάν
261 814 415 896 εἰσδῦναι,
438 813 493 880 καί
515 817 619 879 πᾶσαν
640 808 753 879 ἄδειαν
773 812 945 899 ’ἐμφράξαι
976 822 1042 889 τοῖς
1063 811 1097 878 ἐκ
1117 816 1175 880 τοῦ
1199 812 1270 880 Bo'-

139 916 279 995 5ζαιτος
303 917 502 999 στρατιώτας
525 916 594 978 κατ’
628 916 728 980 αδτοδ
751 923 937 999 συναγεῖραι
961 918 1017 979 καί
1035 912 1173 998 πόλεμον
1195 917 1270 980 διιε-

165 1023 273 1101 γτίραι
296 1013 395 1104 τούτῳ
419 1006 507 1092 ἄξιον
529 1012 623 1098 λόγου
646 1015 701 1078 καί
720 1016 919 1099 πράγματος·
962 1011 991 1080 oi
1011 1012 1073 1100 γδρ
1094 1017 1151 1100 τῆς
1173 1011 1268 1081 ἔστιδ-

168 1139 227 1200 ρας
249 1117 442 1200 στρατιῶται
462 1113 519 1199 τῆν
539 1118 610 1179 κατ’
631 1115 732 1180 αδτοῦ
754 1118 958 1197 ε’ξομόσαντες
981 1116 1130 1182 ιῖιιιστίαν
1152 1116 1206 1182 διαὶ
1229 1117 1265 1183 τδ

167 1219 529 1303 προκατασφαλισθῆναι
559 1209 662 1298 ὅρκοις
695 1215 740 1301 μῆ
776 1208 813 1280 ἄν
842 1239 915 1281 ποτε
946 1220 1170 1303 συμφρονῆσαι
1203 1226 1268 1293 τοῖς

168 1321 239 1382 κατ’
261 1318 366 1382 αδταῦ
388 1319 634 1402 γενησομένοις.
661 1370 669 1387 .
694 1365 701 1381 .
752 1319 809 1382 νῦν
830 1318 865 1381 dl
886 1315 930 1401 μῆ
964 1320 1068 1394 καλῶς
1088 1316 1268 1397 βουλευσώ-

124 1435 262 1501 ιομενας
283 1425 390 1492 κακοῖς
411 1418 557 1493 αἰιλέτοις
584 1419 640 1482 καί
666 1418 873 1503 περιωδυναις
906 1441 1009 1502 ιτερι.
1038 1464 1046 1481 .
1078 1416 1138 1504 .’ρη
1166 1416 1270 1501 ready·

165 1543 277 1602 μασιν.
303 1516 452 1601 ἐμβαλών
472 1519 533 1603 γαρ
556 1523 602 1595 εἰς
621 1517 676 1604 τῆν
695 1520 757 1585 τών
774 1522 915 1585 Κιλίκων
937 1517 1056 1606 χώραν,
1078 1517 1269 1586 δυσδιαδεδ-
1280 1533 1298 1588 l.
1310 1535 1363 1591 203
1374 1551 1399 1590 r.

165 1642 243 1695 τους
264 1619 411 1696 αδλώνας
434 1616 572 1703 ἔχουσαν
587 1624 622 1688 ἐκ
642 1619 850 1704 τώνΤαώρου
873 1612 968 1704 ὄρών,
989 1617 1079 1704 ἔμενε
1097 1618 1176 1685 κατὰ
1200 1620 1270 1705 χώ-

167 1745 229 1804 ραν
249 1713 356 1804 ώσιτερ
380 1716 496 1785 ἑαυτὸν
518 1720 720 1806 ἐγκαθείρξας
743 1723 797 1786 tui
811 1727 854 1809 τῷ
865 1722 970 1803 μίνειν
983 1721 1143 1807 αἰιρόιτον,
1158 1714 1270 1787 ἄδειαν

167 1823 205 1885 δὲ
225 1830 291 1898 τοῖς
315 1822 591 1904 ἀντιτεταγμένοις
614 1826 773 1907 παρίσχει
793 1824 894 1898 α’δεώς
916 1821 1111 1908 στρατιώτας
1131 1821 1270 1906 α’γείρειν

123 1920 298 1992 15καίτόν
322 1920 490 2003 πολεμικὸν
515 1928 678 1991 ποιεῖσθαι
709 1920 893 2006 κατάλογον.
949 1926 1148 2010 ἐκπεμφθείς
1166 1918 1267 2007 γαὶρδ

166 2023 275 2106 ἵτερος
295 2024 358 2086 τών
378 2020 473 2087 υἱέων
495 2028 553 2089 τοῦ
573 2026 740 2108 Καίσαρος
766 2024 966 2108 Ἀνδρόνικος
998 2021 1267 2108 αρατοττρδεδρας,

165 2126 225 2188 καί
244 2126 436 2207 προβληθείς
456 2125 641 2206 δομδαταιας
659 2126 717 2209 τῆς
737 2126 903 2209 ἀνατολῆς,
927 2129 960 2190 ίν
982 2127 1168 2212 παρασκευῇ
1186 2122 1268 2190 τών·

166 2248 227 2300 τας
257 2222 334 2301 τούς
365 2223 560 2307 στρατιώτας
581 2230 749 2311 πεποίηκε,
780 2229 944 2310 σιτηρίαια
972 2227 1136 2306 διανείμας
1159 2224 1270 2301 αὐτοῖς

166 2327 225 2390 καί
247 2322 325 2389 uacui
360 2323 474 2411 μικρὸν
507 2318 648 2402 ἅπαντας
681 2322 1008 2409 ιιροοικειωσώμενος,
1038 2328 1268 2409 συναιρομέναυ

120 2427 228 2496 20ταῦ
250 2429 442 2508 Κρισαίνου.
486 2423 753 2507 sonaberunt
781 2423 815 2490 τὸ
838 2429 992 2510 συστῆσαι
1014 2425 1071 2510 τῆν
1093 2419 1169 2508 ὅλην
1190 2427 1270 2490 σίν-

166 2531 259 2604 ταξιν
278 2531 340 2591 τών
361 2525 527 2609 δυνάμεων
549 2524 659 2615 προῄει
688 2526 769 2592 κατὰ
793 2530 848 2591 τοῦ
870 2530 1042 2610 Διογένους
1064 2525 1106 2601 uic
1124 2529 1180 2609 τῆς
1202 2530 1269 2592 Κι-

168 2627 266 2692 λίκων
289 2624 528 2711 διαβησόμενος,
547 2631 602 2692 καί
627 2625 684 2712 τῆν
704 2628 831 2712 συνῆθη
854 2632 1041 2712 κλεισοῦραν
1062 2626 1118 2712 τῆν
1139 2629 1196 2692 τοῦ
1214 2632 1268 2693 λε-

166 2731 304 2812 γομένου
327 2728 511 2794 καταλιπών
535 2730 706 2795 Ποδαντοῦ
727 2728 780 2794 δια
796 2735 850 2815 τῆς
869 2731 930 2797 τών
950 2726 1102 2818 ’ἱααδρανν
1120 2732 1166 2808 εἰς
1187 2724 1270 2796 ταδ-

243 2887 270 2942 5.
290 2889 476 2960 στρατιώταις
493 2889 524 2944 0.
627 2964 641 2993 ο

171 3069 231 3106 cam
251 3060 323 3105 ταυτα
342 3052 510 3107 multitudine
529 3054 558 3106 in
578 3054 737 3107 Graecomru
756 3062 852 3107 terram
871 3055 1001 3119 incidere,
1023 3055 1092 3122 qnod
1110 3057 1205 3108 attinet
1223 3052 1269 3108 Pi.

171 3126 266 3177 sidiam
280 3132 307 3177 et
323 3124 451 3177 lauuriarn
470 3135 496 3177 et
510 3126 668 3192 Lycaoniam
688 3135 714 3176 et
725 3125 933 3192 Paphlagoniam
953 3131 980 3176 et
991 3124 1147 3178 0nariadem
1161 3140 1269 3179 omnes.

171 3212 226 3266 que
246 3195 416 3248 multitudine
443 3196 493 3248 sibi
513 3197 661 3259 subiicere,
681 3196 776 3248 deinde
796 3197 873 3246 etiam
898 3196 926 3246 in
944 3194 1097 3261 Bithyniam
1117 3195 1220 3264 ingredi
1242 3202 1269 3247 et

172 3282 277 3319 omnem
307 3269 474 3319 occasionem
502 3268 641 3321 obstruere
670 3266 798 3318 militibus
826 3266 980 3331 Byzantiis,
1011 3266 1152 3334 quominus
1177 3273 1271 3317 contra

172 3355 233 3391 eum
252 3355 319 3405 opes
338 3346 467 3406 cogerent
492 3347 518 3391 et
536 3339 636 3391 bellum
654 3346 794 3390 moverent
824 3337 886 3388 huic
911 3337 1018 3405 dignum
1037 3336 1120 3388 verbo
1141 3344 1168 3388 et
1189 3337 1269 3388 lactu.

172 3410 356 3467 occidentales
377 3410 446 3460 onim
465 3410 563 3461 milites
583 3409 765 3462 infidelitatem
781 3411 807 3460 in
822 3424 881 3462 eum
901 3408 1080 3472 einrauerant,
1100 3424 1159 3460 cum
1179 3414 1269 3459 essent

172 3490 250 3533 antee
271 3481 579 3533 iureiurandoobatricti
598 3497 627 3532 ae
646 3497 779 3550 nunquam
800 3481 997 3547 conspiraturos
1023 3494 1081 3532 curn
1107 3480 1164 3530 eiua
1183 3477 1271 3529 hosti.

173 3553 239 3615 bus;
260 3559 420 3604 tumentem
438 3566 492 3602 non
510 3551 580 3604 bene
599 3552 649 3603 sihi
678 3552 832 3614 consulens,
852 3549 927 3603 malis
947 3549 1098 3618 ingentibus
1119 3557 1146 3600 et
1164 3549 1269 3600 miseris

173 3622 350 3675 circumfusus
369 3630 410 3673 cst
428 3622 516 3674 rebus.
555 3624 691 3690 ingressus
712 3625 780 3675 enim
807 3625 834 3674 in
855 3620 966 3675 Cilicum
983 3628 1081 3673 terram
1100 3621 1187 3673 invias
1208 3619 1271 3672 val.

172 3694 214 3746 les
231 3694 358 3745 montium
373 3693 449 3745 Tauri
479 3692 637 3759 habentem,
659 3695 755 3755 mansit
778 3696 805 3746 in
824 3693 885 3745 loco
905 3693 980 3760 quasi
1009 3707 1039 3743 se
1058 3692 1169 3760 cingens
1187 3700 1215 3743 ut
1234 3691 1271 3744 ibi

172 3773 345 3818 remaneret:
381 3766 549 3816 occasionem
582 3773 668 3817 autem
702 3765 822 3817 hostibus
856 3762 978 3831 praebuit
1015 3770 1071 3814 tuto
1099 3761 1198 3815 milites
1222 3778 1271 3813 eo.

173 3838 253 3905 gendi
284 3843 311 3886 et
335 3834 462 3888 bellicum
491 3838 630 3889 instituere
657 3836 798 3889 delectum.
842 3836 936 3885 missus
965 3835 1034 3885 enim
1064 3833 1133 3886 ulter
1157 3834 1271 3887 liliorum

173 3907 319 3970 Caesaris,
360 3907 527 3959 Andronicus
566 3923 675 3976 praeses
718 3908 817 3974 primus
856 3912 883 3957 et
921 3904 1073 3975 designatus
1109 3906 1272 3958 domesticus

174 3980 306 4041 orientis,
326 3986 453 4045 apparatu
473 3980 607 4046 praeditos
634 3993 725 4030 omnes
744 3976 843 4029 milites
860 3976 990 4042 reddidit,
1019 3978 1151 4045 stipendia
1169 3978 1202 4028 iis
1221 3976 1272 4027 tri-

171 4049 258 4101 buens
284 4056 312 4099 et
337 4048 415 4100 brevi
443 4064 536 4102 omnes
558 4049 608 4101 sibi
635 4048 782 4100 concilians
809 4049 952 4101 adiuvante
980 4046 1190 4116 enm'Griapino.
1228 4055 1271 4098 ut·

172 4136 226 4188 que
247 4123 559 4191 ⁴itn·1›oatquum{totnm
586 4120 705 4171 ordinem
734 4121 898 4172 exercituum
926 4122 1093 4188 composuit,
1113 4133 1271 4187 progressus

171 4200 215 4243 eat
234 4198 327 4243 contra
352 4193 515 4261 Angustum,
544 4190 655 4245 Cilicum
682 4200 778 4244 terram
811 4193 968 4245 invasurus:
1001 4199 1028 4243 et
1055 4192 1189 4243 consuetis
1217 4188 1272 4241 Ρο-

170 4262 245 4318 danti
278 4262 342 4316 dicti
371 4265 501 4332 angustiis
533 4261 637 4316 relictis
669 4278 717 4330 per
749 4263 875 4318 isauriam
903 4263 930 4314 in
964 4262 1033 4315 banc
1065 4259 1176 4326 incidit,
1212 4274 1272 4314 euru
