3222 5000
541 416 749 484 HISTORIA.
1149 420 1198 487 1⁷

194 573 425 659 Ὀρθριοότερον
455 578 491 642 δὲ
521 575 766 660 προσβαλόντων
792 584 858 652 τοῖς
883 576 1068 663 ἀνακτόροις
1096 604 1199 666 στρα-

106 677 251 741 τιωτικῶν
272 676 400 761 οίνδροόν
418 679 472 741 καί
489 677 640 760 γενναίων
660 677 741 758 μετοὶ
768 678 876 765 ῥοίζου
908 683 1026 743 πολλοό
1047 685 1103 745 καί
1122 684 1199 765 βοής

103 776 150 841 καί
167 777 249 861 η’χής
270 781 450 859 σαλπίγγων
463 802 497 843 τε
518 778 572 841 καί
591 777 739 860 βυκίνοον,
760 775 867 862 ιόσιιερ
890 782 1015 865 τυφιόνι
1032 784 1163 864 βληθείς
1180 780 1198 843 ό

103 872 245 957 βασιλεύς
269 878 313 962 τῷ
336 878 464 966 όξαισίιρ
485 881 539 960 τῆς
557 879 710 963 ταραχής,
731 882 793 944 ταῖν
816 878 998 963 ἀνακτόρων
1018 878 1110 955 όκδός
1131 906 1200 967 φυ-

84 974 152 1059 όγός
172 968 273 1064 ᾤχετο
297 975 480 1052 διαπόντιος
502 980 548 1052 είς
568 976 625 1060 τήν
646 982 703 1042 τού
716 980 870 1043 Στουδίοο
888 977 997 1063 μονήν,
1018 983 1073 1043 καί
1090 1003 1199 1064 περιε-
1310 1000 1318 1031 ³

101 1076 228 1157 χόμτνος
248 1078 313 1141 τοόν
343 1078 471 1143 α’δότων
498 1078 628 1162 αἀαθής
654 1082 842 1165 ἐφιλονείκει
871 1083 1110 1164 σοντηρηθήναι
1144 1083 1200 1144 καί

100 1175 140 1260 μή
165 1178 256 1253 δίκας
279 1179 392 1242 όοόναι
416 1181 476 1242 τού
491 1179 794 1263 α’νοσιοοργήματος.
848 1178 917 1243 ἀλλ’
937 1180 956 1262 ἦ
980 1182 1050 1262 δίκη
1066 1180 1123 1264 τήν
1139 1204 1200 1244 κα-

101 1277 226 1363 ταδίκην
248 1279 333 1366 αύτῷ
356 1278 413 1341 οόκ
433 1281 478 1355 είς
500 1276 629 1363 μακρόν
647 1278 828 1360 α’νεβόλετο.
873 1274 1009 1355 όπαντες
1030 1277 1092 1363 γόρ
1113 1268 1222 1363 βρύ(

99 1401 202 1461 χοντες
223 1384 290 1443 κατ’
324 1381 427 1443 αότού
456 1383 628 1463 είσήλαοαν
656 1382 702 1455 εἰς
734 1378 768 1442 τό
799 1374 901 1463 ἱερόν,
932 1382 989 1442 καί
1007 1382 1062 1467 βίρι
1083 1383 1197 1447 τούτου
1279 1400 1282 1405 ’

71 1479 182 1555 illerde
204 1476 393 1557 ἑλκύσαντες
416 1478 533 1568 ἡμιόνῳ
553 1484 614 1546 τῶν
634 1481 860 1566 εότελεστίρων
882 1481 938 1543 καί
951 1484 1104 1545 ταπεινῶν
1116 1478 1198 1568 φόρ-

97 1604 142 1645 εον
162 1583 276 1646 τούτον
308 1583 434 1646 τιθέασι
464 1586 708 1663 καταγέλαστον.
766 1579 821 1644 καί
846 1574 925 1664 οἷχρι
954 1582 1009 1645 τοῦ
1039 1584 1196 1664 Σίγματος

98 1678 278 1765 φθάσαντος
290 1678 390 1764 δόγμα
407 1686 613 1766 κατεφοίτησε
625 1685 679 1764 τῆς
691 1678 891 1767 Αδγοόστης,
907 1674 964 1765 τήν
978 1680 1120 1764 πήρωσιν
1133 1683 1197 1747 τῶν

96 1780 270 1866 ὀφθαλμῶν
283 1784 385 1846 αότού
407 1780 462 1845 καί
475 1784 533 1846 τού
549 1785 775 1868 πατραδέλφοο
789 1777 885 1846 αότού
899 1786 955 1847 τοῦ
968 1786 1196 1864 νωβελλισίμοο
1286 1783 1288 1787 ’

96 1882 206 1945 αότίκα
223 1880 477 1965 όγκελοοόμενον·
499 1883 598 1966 συνῆν
617 1881 680 1966 γόρ
702 1886 756 1947 καί
778 1873 870 1957 οότος
892 1882 988 1971 αύτῷ,
1014 1880 1197 1963 σύμβουλος

66 1976 158 2061 lidiae
182 1983 240 2045 καί
252 1978 439 2067 συλλήπτωρ
454 1981 510 2047 καί
524 1985 580 2066 τής
595 1985 720 2066 οἰκτρᾶς
731 1982 847 2065 ταύτης
859 1984 955 2066 τύχης
971 1981 1119 2060 κοινωνός
1134 2008 1195 2049 κα-

95 2081 293 2163 θιστάμενος.
337 2088 577 2166 κατενεχθέντες
601 2075 658 2148 οόν
678 2088 739 2148 ταῖν
759 2079 896 2166 ἡμιόνων
915 2087 1046 2166 α’τίμως,
1071 2085 1196 2150 πόντων

94 2178 250 2265 όροόντοον,
272 2180 330 2257 τός
354 2182 450 2268 κόρας
470 2186 533 2249 cdv
554 2181 734 2268 όφθαλμιόν
756 2180 976 2267 ἐκεντήθησαν.
1019 2188 1077 2247 καί
1094 2208 1196 2248 συνα-

94 2278 290 2363 όοβόλλοοσι
314 2280 369 2359 τός
392 2278 483 2365 όιγεις
506 2287 545 2374 τῇ
565 2283 733 2373 βασὶλείηι,
755 2288 810 2346 καί
826 2285 986 2370 μοναχικῇ
1001 2285 1205 2367 παραδιδον-’

90 2408 139 2447 ται
157 2386 265 2472 βιοτῇ,
290 2384 429 2470 διήγημα
460 2387 619 2471 γενόμενοι
647 2383 840 2468 σκυθρωπόν
859 2394 924 2460 τοῖς
945 2390 1119 2477 μετέπειτα,
1140 2383 1197 2447 καί

61 2486 169 2564 βαρύς
197 2483 238 2550 τό
279 2495 421 2570 κρεῖττον
452 2485 670 2569 ἐπανόρθωσις
701 2488 764 2551 τοῖιν
785 2484 995 2569 ἀ’γνοομονεϊν
1021 2484 1195 2548 ἐθελόντων

90 2584 165 2665 πρός
185 2586 266 2661 τούς
289 2584 564 2674 ουέργετήοαντας.
619 2587 806 2668 όβασιλευοε
838 2587 872 2651 δὲ
902 2582 1079 2669 όΜιχαήλ
1102 2574 1195 2660 οότος

90 2690 193 2769 μῆνας
215 2684 337 2768 μόνους
357 2691 455 2753 πέντε.
718 2766 724 2773 Α
853 2680 855 2687 l

191 2790 259 2870 Τῆς
278 2789 314 2852 δὲ
345 2787 509 2874 δεσποίνης
538 2789 572 2853 ln
598 2789 654 2872 τῆς
685 2786 858 2872 όπερορίας
884 2784 1120 2871 ἐπανελθούσης
1140 2789 1197 2851 καί

88 2886 141 2974 τήν
161 2891 339 2971 βασιλείαν
361 2879 457 2964 αὖθις
485 2884 726 2972 όναλαβούσης,
757 2891 942 2976 συνέρχεται
976 2889 1075 2975 ταότη
1097 2889 1153 2951 καί
1174 2884 1196 2971 ἦ

137 3053 182 3104 15.
205 3048 295 3120 τύχης
314 3064 365 3101 um.
378 3049 408 3114 0,
419 3049 557 3119 supplerit
576 3050 654 3101 etiam
671 3050 813 3118 interpres.
888 3050 929 3103 18.
948 3053 995 3119 τῆς
1010 3026 1154 3123 βασιλείας
1162 3050 1204 3117 G„

182 3192 258 3245 Cum
285 3197 372 3240 autem
397 3204 474 3241 mane
503 3189 713 3257 aggrederentur
740 3190 840 3257 regiam
866 3188 996 3240 militares
1026 3189 1146 3239 homines
1168 3195 1196 3239 et

87 3261 165 3315 iurtes
185 3260 279 3313 multo
300 3276 358 3311 eum
382 3261 495 3312 tumultu
517 3269 543 3311 et
565 3260 682 3314 elamore
707 3269 733 3314 et
756 3261 845 3311 sonitu
870 3258 996 3310 tubarum·
1007 3258 1194 3310 buccinarum.

84 3350 139 3400 pse,
161 3334 248 3403 quasi
269 3332 376 3383 turbine
395 3333 462 3383 ictus
481 3347 530 3383 rex
548 3333 675 3383 immensa
694 3332 862 3394 turbatione,
883 3333 957 3398 regia
978 3344 1100 3397 egressus
1120 3329 1195 3398 lugi.

84 3406 148 3456 tirus
169 3422 205 3456 se
232 3404 363 3469 corripuit
380 3410 452 3453 trans
471 3418 543 3453 mare
564 3403 596 3453 ad
607 3403 691 3455 Stadii
714 3401 876 3454 domicilium
897 3410 924 3452 et
942 3400 1106 3468 amplectere
1124 3408 1194 3452 tem-

83 3475 149 3541 plum
181 3474 334 3526 incolumis
359 3472 480 3525 studebat
503 3476 605 3524 servari
629 3490 717 3542 neque
745 3489 845 3541 poenas
866 3473 974 3525 solvere
994 3471 1091 3523 nefarii
1111 3472 1194 3534 iaeti3

82 3548 258 3599 statuentia
277 3559 389 3612 poenum
416 3546 440 3594 ei
466 3560 518 3595 uon
538 3545 582 3595 diu
602 3545 720 3607 distulit3
752 3561 844 3597 omnes
873 3547 943 3595 enim
962 3544 1106 3595 trementer
1125 3558 1194 3595 eun.

82 3628 114 3669 tra
133 3635 200 3670 eum
225 3619 386 3667 invaserunt
403 3615 548 3682 templum,
569 3625 596 3666 et
619 3618 646 3666 vi
666 3617 737 3667 hune
756 3626 830 3668 extra
850 3615 984 3667 trabentes
1005 3613 1077 3665 mulo
1098 3631 1133 3666 ex
1148 3616 1194 3666 vi.

81 3688 195 3747 lieribus
220 3695 252 3739 et
269 3686 408 3737 humilium
428 3702 495 3737 uuus
511 3686 581 3738 huuc
594 3688 732 3753 imponunt
750 3686 889 3739 ridiculum
908 3694 988 3753 atque
1007 3685 1093 3737 denec
1105 3685 1195 3754 Sigara

79 3771 153 3813 antea
172 3764 301 3812 inustum
322 3765 402 3821 esset,
422 3757 558 3809 decretum
582 3761 722 3825 praecepit
739 3760 876 3825 Augustae
903 3757 1079 3809 ademtiuuern
1097 3757 1194 3809 oeulo-

79 3848 127 3883 εαιι
151 3835 221 3884 eius
246 3838 273 3879 et
292 3828 417 3880 avunculi
431 3830 489 3880 eius
503 3829 662 3881 nobilissimi
678 3831 764 3883 statim
783 3831 956 3895 imperatum3
977 3829 1069 3881 aderat
1086 3830 1196 3880 enimet

79 3902 114 3955 lie
134 3906 162 3957 ei
185 3901 322 3955 conscius
341 3898 419 3950 simul
433 3901 572 3963 etaemus,
591 3909 617 3951 et
631 3900 709 3952 buius
723 3902 837 3951 miserae
850 3900 972 3952 lurtunae
986 3902 1121 3968 particeps
1134 3900 1194 3951 exi.

79 3986 163 4039 stens3
186 3972 283 4026 delati
302 3971 384 4039 igitur
402 3969 508 4021 aurulis
526 3974 639 4038 turpiter
657 3971 777 4022 omuibus
797 3973 977 4038 spectantibus
989 3971 1105 4039 pupillas
1125 3985 1192 4020 ocu.

79 4046 157 4100 larum
183 4042 324 4111 expuncti
344 4049 413 4105 sunt,
433 4049 460 4093 et
478 4041 556 4093 simul
576 4043 690 4110 perdunt
708 4041 806 4094 lumina
825 4059 883 4094 eum
895 4058 990 4112 regno,
1010 4052 1037 4093 et
1054 4040 1194 4093 monacbi-

77 4134 117 4171 αα
136 4119 296 4172 traduntur
309 4115 392 4175 ritae,
414 4112 504 4164 labula
523 4114 585 4164 iacti
600 4115 683 4164 tristis
695 4116 818 4179 pesteris,
837 4123 865 4165 et
876 4130 954 4166 causa
972 4113 1073 4180 lastigii
1092 4126 1193 4175 eurum,

77 4193 114 4255 qui
132 4187 253 4259 ingrati
275 4198 336 4235 esse
363 4182 490 4235 velebant
519 4200 584 4252 erga
608 4184 678 4235 bene
696 4185 729 4235 de
757 4202 787 4237 se
804 4187 922 4237 meritos.
961 4185 1085 4252 regnavit
1106 4189 1194 4234 autem

76 4260 191 4315 llcbael
211 4259 267 4310 bie
286 4268 393 4306 menses
412 4255 486 4307 soles
506 4258 633 4325 quinque.

172 4333 255 4388 cum
277 4334 366 4378 autem
390 4325 496 4379 demina
523 4342 557 4380 ex
579 4327 724 4395 peregriua
741 4335 813 4378 terra
839 4326 939 4378 rediret
956 4334 984 4378 et
1000 4338 1111 4393 regnum
1131 4336 1193 4374 rur·
1249 4336 1255 4347 ’

865 4400 874 4424 Ι

121 4428 217 4486 lie).
244 4422 333 4479 Arta.
351 4420 420 4478 llt'tt.
991 4423 1010 4475 2
