3150 4986
555 352 763 423 metuam
1046 338 1052 347 '
1137 346 1209 430 tta

105 515 170 584 εἴτε
185 525 316 604 σημεῖον
336 519 395 585 ου’κ
415 520 539 604 ἀγαθὸν
552 521 705 611 δπεφοῖνη,
727 524 846 609 πολλὴν
860 528 1023 594 δποιοῠντο
1036 528 1094 612 τὴν
1115 527 1214 612 ἔραν-

105 644 163 686 ναν
185 617 315 702 κοίτην
338 623 476 707 ζήτησιν,
494 622 539 707 μή
562 622 625 688 πού
647 651 677 690 τι
692 629 757 690 τοῖν
777 623 910 692 δεόντων
931 628 986 693 καί
1007 629 1211 712 ἁρμοζόντων

104 719 324 805 παρελείφθη,
353 714 373 802 ἢ
407 726 567 805 παρθένος
595 725 629 788 ἐκ
649 729 713 790 τοδν
739 730 967 811 φυλαττουσῶν
997 727 1031 792 τὸ
1050 729 1209 795 α’θάνατον

28 816 36 843 '
104 822 166 902 πῦρ
190 817 249 902 την
263 824 442 906 παρθενίαν
460 822 592 908 δκλάπη,
610 819 632 908 ἢ
648 829 847 908 παρανομίας
862 823 1013 911 ἐπράχθη
1030 827 1209 909 σ’νείδισμα,

80 920 159 986 5καί
179 919 274 1000 χόλος
296 923 445 987 ἐντεῦθεν
467 927 554 998 θεῖος
575 934 642 1000 τοῖς
658 924 829 1007 Ῥωμαίοις
850 923 1021 992 ε’παπειλεί.
1066 930 1121 991 καί
1141 929 1209 991 διε·

104 1017 294 1102 ρευνοόμενοι
326 1018 475 1100 πολλάκις
496 1017 644 1106 εδρισκον
667 1023 725 1104 τοὶς
759 1028 821 1090 τῶν
842 1022 1057 1110 οἷτοπημοίτοον
1081 1030 1210 1102 αι’τίας·

103 1118 159 1183 καί
184 1119 409 1204 διορθούμενοι
430 1120 570 1206 ταύτας,
599 1129 654 1190 καί
673 1123 708 1191 τδ
734 1131 823 1190 θεῖον
845 1127 1108 1207 δξεομενίσασθαι
1129 1136 1209 1214 πλη·

106 1223 357 1305 ροφορηθίντες,
387 1222 467 1303 μετὰ
497 1222 646 1310 τοιαύτης
674 1226 878 1310 παρασκευῆς
912 1224 968 1290 καί
997 1223 1141 1311 θάρσους
1162 1231 1237 1306 elci.
1255 1248 1342 1304 γοδς.

106 1320 179 1396 τούς
201 1322 359 1403 πολέμους
380 1324 533 1408 δχαδρουν,
554 1329 610 1391 καί
630 1325 816 1410 κατώρθουν
837 1325 964 1408 αὐτούς,
985 1323 1039 1392 δαί
1059 1327 1208 1410 μεγάλοις

67 1432 97 1486 10
106 1426 267 1504 τροπαίοις
281 1423 340 1498 τδς
356 1428 445 1499 νίκας
459 1426 650 1509 ἐπαίροντες.
675 1425 744 1491 ἐπεὶ
756 1423 813 1491 καί
829 1428 921 1491 τοῦτο
940 1437 1007 1505 τοῖς
1024 1437 1208 1512 στρατηγοῖς

105 1521 157 1586 διὰ
184 1527 327 1607 σπουδῆς
353 1523 409 1591 καί
437 1531 605 1612 φροντίδος
627 1528 760 1612 ἐγίνετο,
793 1527 828 1592 sl
851 1528 1020 1613 καθαρμόν
1042 1535 1206 1595 ποιεῖσθαι

104 1624 142 1710 τῇ
163 1627 297 1713 στρατιᾷ
319 1625 438 1701 παντὸς
460 1627 654 1710 ἀδικήματος
676 1630 732 1693 καί
752 1625 970 1714 ῥυποὶσματος,
992 1635 1047 1695 καί
1065 1627 1147 1711 μετὰ
1169 1629 1206 1694 αδ

105 1727 249 1808 καθῆραι
271 1725 445 1812 ταύτηντὸ
469 1724 727 1812 προκινδυνεύειν
751 1733 805 1813 τῆς
836 1735 988 1813 πατρίδος
1010 1724 1138 1813 ἄμεινον
1159 1723 1208 1795 εἷ-

104 1848 155 1888 ναι
178 1825 399 1908 διελογίζοντο.
450 1833 515 1903 τοῖς
547 1831 582 1892 δὲ
616 1834 673 1894 νῦν
698 1828 868 1911 Ῥωμαίοις
896 1831 989 1897 aiter
1013 1833 1132 1895 τούτων
1152 1829 1208 1896 διδ
1236 1900 1240 1907 ,

66 1926 270 2009 15φροντιδος
301 1928 409 2007 ἐστίν,
442 1929 510 1992 αλλ’
543 1925 651 2008 οἱμὲν
681 1928 820 2012 δρχηγοί
845 1929 965 1996 τούτων
992 1930 1048 1995 καί
1066 1936 1208 2012 βασιλεῖς

103 2023 267 2108 προφάσει
291 2026 488 2110 δημοσιακῆς
510 2029 666 2114 ον’φελείας
689 2028 729 2091 τὰ
755 2035 901 2111 χείριστα
922 2034 977 2095 καί
999 2035 1135 2115 θεομισῆ
1153 2032 1209 2093 καί

103 2126 277 2209 παράνομα
309 2125 575 2211 διαπράττονται,
607 2125 624 2191 ὅ
655 2132 690 2193 δδ
716 2130 774 2192 τοῦ
805 2135 942 2212 στρατοῦ
974 2127 1207 2215 προηγούμενος

101 2222 146 2307 μὴ
170 2230 377 2309 προσανίχαν
399 2229 444 2315 τῷ
468 2233 604 2320 πολδμφ,
627 2233 709 2314 μηδὲ
730 2232 770 2315 τῇ
793 2235 924 2313 πατρίδι
946 2232 1051 2312 νίμειν
1071 2228 1110 2293 τοὶ
1132 2226 1206 2293 δσεα

101 2324 365 2407 προαιρούμενος,
387 2325 518 2412 κοίτην
538 2331 572 2395 ἐκ
594 2332 649 2413 τῆς
669 2330 754 2414 νίκης
777 2326 872 2407 δόξαν
895 2331 1107 2414 περιφρονῶν,
1126 2323 1206 2410 πρός

62 2419 136 2491 iuro*
163 2425 340 2507 κερδαίνειν
360 2421 430 2492 ὅλον
453 2423 569 2494 ἑαυτὸν
593 2428 750 2507 ἐπιτείνει,
779 2431 834 2492 καί
853 2425 909 2513 τὴν
931 2427 1125 2512 στρατηγίαν
1146 2427 1206 2504 δμ-

102 2526 218 2606 πορίαν
240 2526 390 2609 κέρδους,
425 2526 483 2591 osia
505 2530 681 2613 ου’πραγίαν
701 2531 756 2593 τοῦ
779 2516 863 2594 ἰδίου
887 2526 1002 2602 ἔθνους
1022 2527 1091 2590 ουδ’
1110 2524 1205 2590 εδδο-

102 2625 174 2700 ξιον
196 2627 378 2710 πεποίηται.
422 2628 457 2695 τό
482 2629 517 2693 δὲ
540 2629 648 2693 λοιπὸν
668 2632 798 2715 πλῆθος,
821 2632 855 2695 δα
878 2632 939 2697 τῶν
961 2627 1125 2714 ἡγεμόνων
1145 2626 1205 2704 τὰς

101 2722 256 2809 α’φορμας
275 2729 456 2814 λαμβάνον,
477 2726 536 2803 τὰς
569 2730 693 2804 α’δικίας
715 2728 911 2807 οἷκαθέκτοος
932 2778 941 2796 .
964 2777 973 2795 .
999 2778 1007 2794 .
1041 2734 1095 2795 κατ’
1114 2730 1206 2795 ἀναι-

104 3032 210 3082 tionem
231 3029 487 3098 inquisitionemque
505 3047 540 3083 ne
561 3031 623 3099 quid
642 3032 790 3084 necessarii
809 3040 836 3082 et
853 3033 908 3099 epti
927 3030 1230 3099 negligereturssive.

103 3103 187 3171 virgo
209 3116 242 3152 ex
269 3101 312 3163 iis,
332 3116 399 3169 quae
423 3101 607 3154 custodiebant
630 3111 766 3154 aeternum
792 3103 891 3169 ignem,
921 3102 1076 3168 virginitate
1100 3103 1204 3165 privata

104 3173 169 3237 itit,
189 3172 250 3224 eive
269 3170 359 3241 legum
378 3171 562 3240 neglecturum
582 3170 651 3224 iacta
671 3171 885 3240 eretiqnomiuia
905 3177 932 3220 et
949 3172 988 3220 ira
1007 3170 1069 3221 inde
1080 3169 1204 3221 Romanis

104 3244 199 3296 aivins
223 3242 382 3297 minabatur.
421 3251 448 3294 et
473 3250 633 3314 quaerentes
654 3256 846 3310 saepenumero
874 3239 1046 3292 inveniebant
1074 3240 1203 3306 iniquita.

103 3322 161 3366 tun
179 3328 274 3366 auses
289 3322 316 3365 ut
333 3316 500 3382 corrigentes
533 3329 578 3365 ess
599 3323 679 3382 atque
697 3329 727 3366 se
746 3328 844 3364 numen
862 3311 980 3364 divinum
999 3310 1121 3378 placasse
1139 3324 1204 3375 per.

102 3401 213 3438 suarum
233 3385 362 3438 habentes
380 3401 438 3437 cum
455 3385 504 3439 tali
521 3394 649 3452 apparatu
669 3393 696 3436 ct
714 3384 802 3437 animo
821 3385 848 3436 in
867 3381 940 3435 bella
957 3381 1032 3433 iliant
1041 3390 1067 3431 et
1086 3380 1203 3432 feliciter

102 3455 238 3524 gerebant
257 3473 304 3519 ea,
325 3457 428 3525 magnis
446 3458 565 3523 tropaeis
584 3457 712 3509 victorias
731 3455 874 3508 tollentes:
893 3453 1102 3523 quandoquidem
1124 3452 1203 3502 etiam

103 3527 158 3580 hoc
179 3527 290 3579 ducibus
309 3528 396 3580 studio
418 3536 445 3579 et
464 3544 544 3580 curae
564 3528 632 3593 fuit,
652 3535 681 3578 ut
700 3528 879 3595 expiationem
897 3525 1068 3576 instituerent
1095 3522 1202 3574 anerei.

101 3601 142 3650 tui
165 3600 251 3652 omnis
269 3599 385 3651 iniuriae
405 3606 432 3650 et
449 3599 683 3653 contaminationis
703 3608 730 3650 et
751 3600 858 3665 expiato
884 3595 936 3647 hoc
959 3609 1128 3663 propugnare
1152 3607 1201 3661 pro

101 3670 192 3737 petria
211 3669 308 3721 melius
327 3685 387 3722 cese
408 3668 549 3723 ducebant.
588 3670 724 3723 hodiernis
747 3680 834 3722 autem
861 3668 986 3720 liomanis
1011 3665 1078 3717 nihil
1109 3665 1202 3717 horum

99 3757 188 3793 curse
208 3750 266 3793 est:
287 3740 334 3792 sed
352 3742 433 3793 duces
451 3741 555 3812 quidem
574 3741 667 3794 horum
687 3757 819 3810 regesque
828 3741 919 3806 specie
940 3737 1064 3806 publicae
1079 3736 1203 3790 utilitatis

99 3813 221 3880 pessima
241 3819 269 3863 et
285 3811 336 3864 deo
355 3814 444 3864 invise
461 3822 488 3865 et
513 3812 653 3882 illegitima
672 3813 827 3880 perficiunt:
848 3810 982 3861 exereitus
1000 3817 1088 3860 sutem
1115 3811 1203 3877 impe.

99 3892 177 3936 rator
196 3899 249 3934 non
268 3883 411 3936 intendens
428 3886 543 3936 animum
565 3882 639 3935 bello
659 3899 747 3951 neque
766 3882 868 3948 patriae
886 3880 1004 3933 tribucre
1024 3882 1094 3931 iusta
1120 3882 1202 3933 satim

97 3956 206 4008 ducens
229 3961 257 4006 et
274 3952 388 4023 gloriam
408 3956 538 4009 victoriae
555 3953 698 4022 negligens
716 3953 748 4005 ad
772 3952 874 4004 lucrum
893 3968 923 4004 se
940 3960 1023 4005 totum
1042 3953 1158 4004 advertit
1177 3958 1204 4002 et

96 4022 955 4166 luillae-‘zilletffl.lltl‘illaillfflallltlll
970 4039 1060 4147 'fill‘
1088 4023 1203 4144 iiiii:

286 4133 294 4147 ·
686 4131 695 4158 ν
1057 4132 1066 4158 ν

95 4169 245 4223 indomitas
265 4170 405 4220 committit
425 4176 453 4222 st
469 4168 615 4236 impudenti
633 4168 733 4234 impetn
752 4175 880 4235 cognatos
907 4167 977 4219 male
1004 4175 1032 4218 et
1059 4162 1203 4216 crudeliter
1271 4197 1276 4201 -

96 4240 284 4309 persequitur,
304 4240 412 4307 rapiens
440 4248 467 4292 et
492 4240 620 4293 evincent
644 4253 713 4307 quae
738 4239 779 4292 his
798 4247 860 4295 suut
880 4239 1005 4308 propria,
1034 4244 1061 4288 et
1086 4235 1202 4287 hostium
