3182 4986
242 452 247 467 s
318 343 388 421 τοο
601 349 820 449 mensus
849 348 1109 417 ιπιιιοτιτ

314 537 370 602 καί
388 531 660 608 διαναπαύσανιες
686 526 822 607 ἑαυτούς
852 534 897 608 εἰς
916 528 956 614 ἣν
977 527 1155 595 τεθείκασιν
1177 531 1210 594 έν
1230 530 1269 617 τῇ
1288 532 1418 593 Βλατι-

217 676 220 683 =
313 634 423 718 λιβόόι
449 631 653 717 παρεμβολὴν
682 628 818 723 ᾤχοντο,
846 631 900 697 διὰ
933 635 986 715 τῆς
1017 626 1130 707 νυκτός
1163 626 1358 712 όπερβύντες
1377 626 1415 692 τό

313 732 533 822 Σαρβανδικόν
564 728 638 818 όρος
671 737 727 799 καί
756 736 802 809 είς
822 730 858 799 τό
880 736 937 799 τού
960 728 1073 797 Χόλεπ
1096 728 1303 804 ἐπελάσαντες
1325 722 1413 812 όρια.

237 901 242 913 ,
313 834 581 920 ἅπρακτησόντιον
617 829 673 900 σύν
702 836 763 899 τεόν
785 832 819 899 ἒν
840 834 1071 922 Μσψουεστίᾳ,
1093 831 1150 897 καί
1167 829 1210 915 μὴ
1232 828 1416 915 εὑρηκότων

312 937 389 1013 τούς
412 933 572 1011 ἐναντίους
596 937 641 1011 εἰς
663 928 739 1020 όπερ
763 928 897 1020 ἤλπισαν
920 931 1129 1016 καταγώγιον,
1150 933 1224 996 α’νία
1240 934 1300 1010 μὲν
1322 932 1444 994 κατέ-5

314 1061 372 1121 σχε
393 1035 448 1103 τόν
468 1040 602 1119 βασιλέα
624 1035 822 1115 πυθόμενον·
864 1031 935 1098 ἕπετ’
953 1032 1058 1098 dirui
1079 1027 1177 1107 αύτός
1197 1030 1312 1113 μικρόν
1333 1022 1415 1092 ἄπο-

314 1134 372 1203 esa
392 1139 447 1223 τῆς
467 1133 501 1201 έν
517 1136 684 1226 Σελευκείᾳ
698 1136 986 1209 Κλαυόισυπόλεως
1008 1129 1164 1209 καταστός
1186 1132 1331 1213 περὶτῆς
1354 1134 1417 1194 τῶν

315 1237 474 1320 πολεμίων
504 1235 702 1321 ἐμεμαθήκει
730 1239 852 1323 φυγῆς,
881 1232 1115 1317 όπισθόρμητος
1146 1233 1291 1316 γέγονεν,
1314 1228 1415 1302 εύθύς

314 1342 373 1422 μέν
397 1342 454 1421 τῆς
475 1336 708 1421 βασιλευούσης
739 1336 780 1412 σός
799 1339 854 1401 καί
875 1337 932 1400 τού
953 1332 1139 1417 μετοπώρου
1168 1329 1331 1414 προϊόντος
1354 1355 1415 1393 κα-

279 1500 288 1517 ,
314 1436 548 1521 τεπειγόμενος,
576 1434 683 1520 ἕτερον
716 1438 751 1500 di
773 1433 851 1500 λαόν
868 1435 913 1509 είς
934 1432 973 1499 τὰ
1004 1428 1134 1497 κατόπιν
1155 1429 1337 1496 καταλιπών
1359 1425 1413 1492 διό
1428 1450 1464 1502 10

314 1537 351 1604 τό
376 1538 432 1603 καί
451 1533 579 1619 ἑτέρους
604 1535 766 1622 Τσύρκους
786 1536 1033 1619 καταληίζεσθαι
1060 1531 1118 1616 τὴν
1139 1528 1321 1613 Ῥωμαϊκήν
1347 1530 1414 1613 γῆν,

314 1639 393 1704 κατὰ
419 1642 556 1722 φατρίας
577 1640 634 1701 καί
649 1635 764 1720 μοίρας
787 1638 1048 1718 διαιρουμένους,
1079 1638 1133 1696 καί
1164 1634 1416 1713 κατατρέχοντας

315 1736 370 1803 καί
391 1740 424 1801 τό
446 1737 626 1820 προστυχὸν
651 1736 874 1822 ἀφανίζοντας.
928 1733 1077 1810 εἰσιόντος
1100 1727 1157 1797 νύν
1177 1732 1236 1796 τού
1256 1731 1417 1813 βασιλέως

314 1839 349 1903 έν
364 1838 713 1915 Κωνσταντινουπόλει,
738 1839 785 1927 ἐπ’
802 1834 889 1901 οἴκου
912 1837 967 1900 καί
985 1833 1022 1899 τό
1045 1830 1155 1899 λοιπόν
1174 1833 1232 1897 τού
1255 1829 1418 1913 στρατεύ-

314 1960 414 2019 ματος
434 1939 557 2022 γέρονε·
601 1936 657 2002 καί
676 1937 710 2003 τό
735 1935 802 2013 ἔτος
824 1935 969 2003 ἐτελεύτα
991 1935 1110 2020 έκεῖνο,
1133 1936 1326 2009 ἰνόικτιιόνος
1347 1933 1415 1994 ε’νι-
1428 1948 1463 2003 15

192 2067 218 2107 a.
238 2052 306 2108 1070
315 2044 470 2126 σταμένης
491 2036 517 2125 η’
540 2038 594 2104 τού
618 2038 715 2134 'eosq'
740 2037 847 2124 ἔτους,
870 2031 921 2102 ότε
939 2040 996 2102 καί
1016 2034 1050 2102 τό
1074 2038 1220 2120 μέγιστον
1241 2032 1330 2118 ἱερόν
1352 2033 1416 2097 τεόν

313 2144 509 2225 Βλαχερνιόν
529 2142 589 2215 ἕως
611 2143 753 2227 ἐδάφους
775 2137 993 2224 έπορπολήθη.

414 2251 500 2315 Ἐπεί
521 2253 556 2315 δὲ
577 2249 612 2315 τό
630 2248 686 2334 ἔαρ
708 2249 945 2337 ύποφιιίνεσθαι
962 2242 1089 2332 ἤρξατο,
1112 2248 1269 2328 ἐσκέψατο
1292 2249 1333 2335 τῇ
1353 2251 1416 2329 βα-

315 2352 415 2418 σιλίδι
446 2360 596 2437 παρεῖναι
629 2346 817 2434 όβασιλεύς
844 2352 900 2414 καί
928 2347 985 2433 τὴν
1006 2348 1175 2432 ἡγεμονίαν
1196 2351 1255 2411 τού
1274 2352 1417 2434 στρατού

315 2452 394 2536 πρός
421 2449 477 2537 τήν
504 2444 588 2518 idae
610 2448 659 2516 ivi
687 2454 750 2515 τοῖν
772 2447 970 2533 προεχόντων
1002 2452 1208 2530 έμπιστούσαι
1233 2446 1466 2531 ‘Peaeum

314 2555 485 2636 προκρίνας
516 2546 574 2618 σύν
603 2551 762 2637 Μανονῆλ
788 2551 1051 2636 πρατοπρόεδρον
1083 2549 1135 2614 τόν
1158 2546 1340 2635 Κομνηνόν,
1363 2550 1420 2615 καί

195 2694 201 2703 ·
313 2656 357 2741 τῷ
376 2653 433 2717 τού
454 2652 696 2738 κουροπαλότου
717 2647 853 2738 τιμήσας
884 2649 1049 2734 α’ξιιόματι,
1072 2649 1251 2737 στρατηγόν
1271 2653 1332 2716 τού
1356 2675 1417 2715 πο-

314 2753 412 2834 λέμου
443 2752 499 2818 καί
523 2751 665 2839 όρχηγόν
694 2757 754 2821 τού
785 2753 1024 2841 στρατεύματος
1055 2752 1270 2822 α’ποόείκνυσι.
1324 2752 1361 2818 τό
1385 2756 1415 2818 d'

313 3082 348 3121 er
365 3067 449 3135 captis
479 3065 634 3137 quibusdam
656 3066 817 3122 Graecorum
842 3069 1022 3136 Mopsuestiae
1047 3076 1225 3133 conventum,
1248 3084 1302 3122 non
1321 3083 1415 3137 paruas

311 3139 405 3192 morati
425 3147 453 3192 et
468 3154 498 3193 se
516 3139 670 3193 reficientes
689 3142 718 3193 in
737 3140 830 3194 castris
849 3156 914 3208 quas
932 3149 1078 3209 posuerant
1094 3139 1270 3206 Blatilibade,
1289 3139 1416 3194 abierunt

312 3219 496 3280 pernoctem,
515 3214 675 3282 transgressi
694 3221 810 3264 montem
830 3211 1017 3265 Sarbandioum
1045 3220 1073 3264 et
1097 3212 1129 3263 ad
1156 3210 1270 3279 Chalepi
1296 3213 1413 3278 proiecti

312 3278 388 3335 finds·
427 3283 586 3353 corrigitur
605 3286 650 3352 qui
669 3284 847 3352 llopsuestiae
867 3292 958 3336 essent
975 3282 1043 3335 nihil
1068 3291 1181 3351 agerent
1206 3299 1296 3352 neque
1321 3283 1415 3337 hostes

312 3352 553 3421 deprehendissent
572 3356 600 3407 in
619 3355 715 3424 quibus
734 3353 844 3407 latebris
863 3364 1046 3423 speraverant,
1066 3354 1206 3422 aegritudo
1225 3354 1342 3407 obtinuit
1367 3372 1416 3407 re.

312 3441 374 3495 gero
393 3434 532 3495 postquam
551 3425 618 3478 haec
637 3426 747 3478 audivit.
786 3441 844 3477 cum
864 3435 951 3478 autem
973 3434 999 3477 et
1017 3428 1076 3493 ipse
1088 3422 1195 3493 paulum
1216 3424 1417 3494 adlaudiopoli

314 3497 381 3551 urbe
401 3496 542 3552 Seleuciae
560 3512 590 3550 se
610 3498 775 3549 constituens
795 3495 909 3549 hostium
928 3498 1075 3551 audivisset
1088 3497 1187 3565 lugam,
1206 3498 1307 3549 reverti
1328 3499 1419 3565 eoepit

319 3571 422 3639 regiam
440 3585 545 3632 uersus,
567 3585 626 3621 eum
652 3569 730 3620 etiam
750 3576 905 3621 suetumnus
924 3570 1084 3639 procederet
1108 3571 1159 3620 iter
1185 3566 1365 3633 accelerans,
1393 3575 1420 3619 et

320 3640 401 3693 aliam
418 3640 557 3709 reliquens
576 3656 591 3692 a
609 3649 687 3708 tergo
707 3656 811 3692 manum
835 3643 897 3708 quia
925 3642 1003 3694 etiosa
1027 3640 1073 3691 alii
1098 3640 1198 3692 Tuscae
1224 3640 1419 3706 praedabantur

318 3710 445 3764 Graecam
464 3720 560 3763 terram
586 3714 731 3781 secundum
756 3720 851 3781 gentos
877 3720 904 3763 et
930 3720 1019 3780 partes
1043 3712 1122 3765 divisi
1149 3721 1175 3762 et
1198 3712 1368 3777 incurrentes
1393 3720 1418 3761 et

315 3795 384 3849 quae
404 3780 508 3833 obviarn
529 3794 619 3837 esseut
637 3785 768 3837 delentes.
807 3800 865 3834 enm
885 3784 966 3850 igitur
985 3799 1033 3835 rex
1053 3781 1304 3849 Constantinopolin
1330 3784 1417 3835 intra.

314 3858 365 3915 ret,
385 3851 454 3903 domi
475 3853 553 3905 etian
573 3854 692 3953 reliquus
704 3863 761 3909 erat
780 3857 929 3907 exereitus:
950 3863 977 3906 et
995 3869 1078 3905 annus
1097 3855 1177 3906 ‹lesiit
1195 3851 1254 3918 ille,
1266 3853 1413 3905 indictione

312 3920 382 3975 vill.
402 3923 517 3973 instante
535 3927 596 3975 anni
615 3927 701 3978 6078:
721 3927 825 3995 quando
845 3928 923 3977 etiarn
942 3926 1082 3977 roaximuiu
1102 3923 1227 3992 templum
1248 3923 1416 3977 Blacherna-

218 3998 227 4005 '
312 4008 369 4045 rum
390 4006 476 4059 usque
495 3993 527 4043 nd
544 3994 630 4046 solum
650 3998 705 4064 igni
725 4006 920 4048 concrematum
948 4006 996 4049 est.

416 4087 481 4143 Cum
500 4080 589 4140 antem
609 4106 658 4141 ver
676 4099 805 4159 apparere
825 4095 970 4159 coepisset,
989 4096 1081 4145 statuit
1098 4095 1191 4162 regiae
1209 4093 1304 4145 adesse
1323 4108 1372 4144 rex
1392 4103 1420 4143 et

318 4162 458 4231 imperinm
479 4160 613 4211 exereitus
632 4170 725 4213 contra
738 4166 868 4218 orientem
878 4164 959 4218 alicui
969 4164 1098 4217 nobilium
1118 4165 1229 4219 eredere
1241 4164 1418 4217 Graeeomsu:

318 4234 424 4307 eligens
451 4233 535 4304 igitur
552 4232 701 4287 llsnuelem
719 4234 859 4288 marimum
880 4237 1026 4305 praesidens
1046 4237 1226 4303 Gonnenum,
1253 4244 1280 4287 et
1298 4236 1422 4305 (ἕστορι.
