3150 4986
339 246 418 388 σοι
642 305 860 428 muninus
890 296 1151 403 acrimonia

337 511 432 575 μενος
453 477 641 569 ένηβράνετσ
669 484 712 569 τῷ
735 483 769 559 έξ
794 482 898 546 orituri
928 482 1090 568 πορισμῷ·
1141 480 1161 565 ἦ
1189 475 1347 547 distare
1367 476 1446 554 τοός

337 590 457 663 πάντας
478 586 610 668 έπίεζεν,
631 582 670 647 σά
682 582 779 664 μόνον
793 585 851 647 τοῦ
868 585 958 648 σι’τσυ
972 580 1052 648 άλλά
1070 585 1126 648 κατ’
1135 586 1198 648 τοόν
1217 572 1325 644 άλλων
1338 580 1442 644 aldebr.

338 690 459 757 όκείνσυ
477 684 537 771 γάρ
552 688 851 768 στενοχωρουμένου
867 685 985 767 άνάγκη
1003 687 1057 748 καί
1075 682 1113 749 τά
1132 681 1227 748 λοιπά
1238 686 1444 764 στενοχωρεῑ.

339 794 429 874 σθαι,
451 781 502 851 ότι
525 787 567 850 δι’
588 784 688 850 αάτοό
707 787 771 849 τάν
784 774 1003 848 dirasduras
1026 778 1044 867 ἧ
1069 780 1227 868 ἐπίκτησις
1241 776 1264 865 εἲ
1275 784 1443 863 περιποίη.

337 913 390 964 σιτ
407 892 545 972 γίνεται,
567 881 622 948 καί
647 881 678 949 oi
702 886 954 966 μισθαρνοῦντες
975 887 1175 966 βαρυτέρους
1196 879 1273 956 τοός
1300 879 1469 961 μισθοόςα

339 983 394 1053 όιά
410 984 446 1051 τό
467 986 570 1061 ένάεὲς
586 985 641 1066 τῆς
659 984 783 1070 τροφῆς
802 981 982 1047 ἀπαιτοῦσι.
1005 985 1061 1046 καί
1079 978 1110 1045 or‘
1122 983 1180 1062 μὲν
1199 977 1446 1064 άξισλαγοότερετ

339 1089 403 1153 των
424 1082 604 1167 α’νθροόπων
633 1084 688 1147 καί
717 1082 747 1146 οἱ
775 1084 818 1169 τῷ
850 1081 1008 1168 φοόνόακι
1034 1082 1255 1165 πλησιάζοντες
1274 1078 1446 1163 έγίνωσκον

339 1184 398 1272 την
417 1184 518 1250 ednod
538 1181 747 1267 χαλεπότητα,
767 1184 823 1247 κατ’
842 1174 919 1246 ὅθεν
938 1182 981 1268 τῷ
1002 1182 1109 1269 κόσμρι
1130 1178 1163 1244 τό
1185 1177 1291 1243 δεινόν
1311 1181 1369 1260 τῆς
1390 1174 1445 1240 έν-

332 1288 430 1360 ίόείας
452 1284 557 1369 αἠόοός
582 1281 773 1347 έπεπόλασε·
830 1279 866 1345 τό
888 1282 919 1345 d'
939 1270 1049 1345 άδικσν
1070 1280 1189 1364 κέρδος,
1209 1278 1253 1353 σός
1271 1276 1446 1364 φάρμακον

340 1389 446 1471 μέλιτι
467 1384 755 1462 κατεσκευασμένον
774 1402 809 1447 τε
831 1381 887 1445 καί
911 1375 1131 1462 κλεπτόμενον,
1150 1378 1227 1455 τσός
1247 1380 1488 1462 κρατοῦνταςιι)

340 1484 560 1571 άπειροκάλως
578 1485 758 1564 κατέθελγε,
779 1485 895 1566 μέχρις
918 1474 957 1546 άν
979 1478 1040 1545 σόν
1061 1482 1104 1566 τῷ
1125 1480 1231 1566 κέρδει
1250 1475 1366 1544 τοότσο
1390 1483 1449 1544 κατ’

340 1584 398 1671 τῆν
420 1587 534 1651 ου’σίαν
553 1587 660 1650 πάσαν
682 1587 739 1648 καί
759 1581 816 1667 τὴν
841 1583 999 1666 σωτηρίαν
1020 1579 1189 1662 άπέβαλον.

441 1686 488 1749 Ἐν
508 1682 633 1759 τούτοις
654 1674 712 1747 σόν
733 1684 795 1747 τάν
817 1683 991 1766 βασιλικόν
1020 1680 1264 1766 φροντισμάτων
1285 1680 1447 1766 όπόντων,

340 1786 462 1869 μάλλον
481 1785 517 1849 δέ
537 1786 600 1847 τάν
629 1785 687 1848 rori
709 1782 897 1869 Νικηφόρον
918 1784 1030 1847 δεινοῖν
1060 1782 1287 1862 βουλευμάτων
1306 1807 1449 1867 συναγο-

341 1890 465 1968 μένων,
495 1877 610 1968 ἧρξατσ
634 1886 694 1966 μέν
716 1879 867 1967 όπσρρείν
893 1882 910 1946 ό
932 1890 1019 1955 σῖτος
1045 1884 1101 1944 καί
1121 1882 1309 1966 καταληγειν
1328 1882 1369 1947 τά
1390 1886 1449 1968 τῆς
1459 1900 1491 1953 15

340 1983 491 2068 ου’θηνίας
514 1985 560 2058 είς
580 1979 713 2066 ἔνδειαν,
733 1977 848 2068 ηὔξανε
871 1984 907 2047 δέ
929 1980 1023 2046 ότῶν
1036 1983 1160 2045 πολλάν
1180 1981 1369 2066 γογγυσμός,
1390 1983 1450 2048 καί

340 2086 460 2166 μᾶλλον
489 2084 552 2147 τοόν
581 2082 720 2168 σ’κριβοός
746 2080 961 2166 ἐπισταμένων
988 2082 1024 2146 τό
1056 2072 1188 2163 άτυισν,
1209 2084 1265 2145 καί
1287 2078 1448 2147 donariis

339 2186 511 2269 γινομένων
536 2185 641 2249 κακοόν
671 2185 829 2268 ἐγγυτέρω
858 2188 1061 2249 καθίσταντο.
1111 2184 1294 2265 έθρυλλεΐτσ
1323 2185 1360 2246 dl
1389 2184 1450 2248 κατ’

341 2280 375 2350 τό
399 2279 485 2367 παρά
507 2276 717 2366 τόνἼστρσον
740 2286 905 2371 κατοικοόν
936 2281 1183 2366 μιξοβάρβαροι.
1233 2281 1449 2363 παράκεινται

341 2380 462 2470 γάρτῇ
490 2374 574 2472 ὄχθη
604 2381 715 2449 τοότσο
745 2386 864 2446 πολλαί
895 2385 951 2447 κατ’
970 2380 1108 2466 μεγάλαι
1129 2378 1256 2462 πόλεις,
1286 2380 1320 2445 έκ
1339 2379 1491 2466 πάσηςοο

341 2482 484 2566 γλοόσσης
511 2488 706 2569 συνηγμένον
733 2479 868 2566 ἔχουσαι
890 2485 1031 2567 πλῆθος,
1060 2485 1117 2545 καί
1146 2476 1302 2546 ὁπλιτικόν
1324 2481 1362 2545 od
1385 2506 1449 2564 μι-

342 2581 419 2668 κρόν
438 2585 689 2671 άποτρέφόυσοιι.
744 2580 825 2667 πρός
861 2572 913 2658 αῖς
944 2580 975 2647 οἱ
1003 2585 1232 2669 περαιωθέντες
1261 2583 1388 2648 Σκύθαι
1409 2582 1447 2648 τό

412 2716 438 2769 u.
459 2715 576 2784 ιηοσιι

343 2840 444 2899 tentem
460 2834 629 2888 habentibus.
666 2845 746 2905 atque
763 2838 815 2890 iste
833 2839 954 2907 quidem,
982 2838 1028 2906 qni
1053 2838 1192 2907 sexaginte
1214 2837 1290 2892 libris
1317 2837 1448 2891 horreum

345 2905 517 2971 conduxerat,
536 2906 652 2959 iactabat
669 2915 807 2977 qnnestum
841 2910 915 2961 eins:
934 2910 1025 2977 inopia
1054 2917 1140 2961 autem
1168 2924 1259 2962 omnes
1284 2909 1448 2976 premebat,

343 2992 400 3029 non
418 2976 504 3029 solum
528 2977 652 3030 frumenti
677 2979 724 3031 sed
753 2980 832 3032 etiam
861 2987 1011 3032 ceterorum
1033 2994 1171 3047 generum.
1216 2980 1265 3032 illo
1292 2981 1365 3033 enirn
1388 2982 1447 3033 rni-

343 3055 408 3102 nuto
427 3063 540 3101 necesso
560 3057 601 3101 est
620 3051 699 3102 etiam
717 3051 822 3119 relique
841 3053 1001 3115 minuantur,
1020 3051 1082 3119 quin
1101 3065 1133 3102 eo
1155 3059 1303 3103 ceterarum
1313 3054 1448 3105 mercium

343 3122 464 3174 accessio
481 3128 527 3174 ant
545 3123 690 3188 acquisitio
710 3122 740 3174 ht
758 3130 784 3173 et
806 3125 850 3191 qui
871 3123 994 3175 mercede
1013 3122 1136 3174 serviunt
1154 3124 1306 3191 graviorem
1334 3138 1447 3176 merce-

345 3193 403 3245 dem
417 3198 527 3260 propter
546 3193 663 3260 inopium
681 3192 801 3244 alimenti
820 3192 971 3261 postulunt3
990 3200 1070 3260 atque
1089 3191 1252 3246 illustriores
1272 3194 1377 3261 quidem
1390 3193 1449 3247 ho.

344 3263 430 3316 mines
456 3271 483 3315 et
510 3265 555 3331 qui
580 3264 662 3315 vicini
692 3272 767 3315 erant
792 3263 905 3327 horreo,
931 3264 1131 3332 cognoscebant
1154 3264 1211 3317 eius
1235 3263 1397 3329 molentium,
1420 3274 1451 3317 et

344 3335 416 3386 unde
433 3337 531 3388 mundo
550 3335 606 3386 dira
625 3336 717 3401 inopia
740 3336 884 3387 iniucunde
909 3334 1065 3387 obveniret:
1091 3335 1216 3388 iniustum
1235 3344 1323 3387 autem
1342 3336 1449 3388 lacrum

345 3413 468 3472 tanquam
487 3414 566 3473 potus
577 3403 810 3472 melleapparatus
824 3412 1007 3472 enumeretur,
1026 3406 1191 3458 dominantes
1210 3407 1323 3474 turpiter
1338 3406 1448 3459 domui.

346 3477 450 3543 ciebat,
481 3478 566 3529 donee
591 3491 650 3528 cum
675 3476 752 3528 lucro
783 3475 860 3527 huius
887 3478 965 3528 etiam
995 3477 1136 3530 facultates
1161 3492 1253 3530 ornnes
1282 3485 1308 3528 et
1332 3476 1449 3529 salutern

346 3549 506 3601 emitterent.

445 3636 492 3690 llis
511 3637 594 3706 igitur
612 3637 638 3688 in
658 3635 737 3689 rebus
752 3652 809 3689 cum
828 3639 921 3707 regine
941 3650 1021 3688 curae
1034 3635 1185 3701 subessent,
1202 3636 1262 3688 sive
1280 3635 1371 3703 potina
1388 3636 1450 3687 dira

346 3705 494 3772 Nicephori
512 3709 626 3761 consilia
645 3709 841 3772 conferrentur,
860 3709 952 3777 coepit
969 3708 1088 3760 defluere
1107 3708 1266 3760 humentem
1293 3715 1322 3757 et
1339 3705 1450 3758 deflecti

347 3773 463 3826 iellcitns
489 3779 520 3829 nd
546 3780 679 3847 inopium:
707 3780 854 3848 augebatur
880 3779 1055 3831 multitudinis
1084 3778 1231 3848 indignatio
1256 3786 1338 3846 atque
1363 3779 1448 3845 megin

347 3859 438 3896 eorum
457 3847 502 3912 qni
521 3860 654 3906 accnrnte.
663 3850 784 3904 sciebant
807 3867 863 3903 rem
887 3852 1039 3919 ingentem,
1066 3858 1093 3901 et
1112 3851 1265 3918 quicunque
1283 3848 1362 3900 malis
1381 3864 1449 3916 pro.

347 3915 407 3983 pins
426 3916 571 3971 adstabant.
597 3921 815 3991 frequentabatur
834 3925 912 3975 etiam
931 3921 1097 3973 sermonibus
1117 3920 1232 3989 populns
1251 3918 1449 3972 semibarbarus

345 3986 377 4039 nd
396 3984 491 4038 istrum
511 3986 646 4042 habitans:
666 3995 789 4046 adiacent
808 3996 877 4047 euim
903 3993 976 4046 litori
995 3992 1073 4043 huius
1096 3990 1197 4044 multae
1214 4007 1380 4060 mngnaeque
1399 4006 1450 4041 nr.

344 4057 403 4123 bes,
425 4072 459 4109 ex
478 4058 548 4107 omni
568 4058 659 4128 lingua
678 4072 795 4115 coactum
826 4066 954 4117 habentor
982 4062 1176 4115 multitudinem
1203 4071 1230 4114 et
1247 4063 1340 4131 grauis
1358 4076 1450 4113 nrmn.

345 4136 422 4182 turno
442 4127 589 4181 exercitum
608 4145 661 4181 uon
681 4147 790 4199 parvum
808 4136 927 4188 alentes:
948 4136 979 4187 ad
1001 4149 1066 4203 ques
1085 4135 1245 4204 transgressi
1262 4133 1379 4200 Scythne
1398 4148 1452 4183 nn-

345 4206 406 4271 ten,
429 4198 581 4270 Scythicam
607 4200 730 4254 adierunt
759 4204 829 4256 vitae
856 4206 1090 4259 consuetudinem:
1120 4220 1135 4256 a
1164 4204 1260 4275 quibus
1292 4205 1453 4274 diripientes
