3150 4986
517 292 523 307 ’
577 338 784 407 ursaoms.
1154 299 1228 410 ata

120 537 213 598 κημα
236 515 293 577 καί
311 515 371 577 τοῦ
393 508 455 576 άπά
488 512 661 594 λοχοθιτάν
682 511 837 598 δύστηνον
867 513 1023 600 άπινόημα
1044 514 1100 580 καί
1118 518 1156 603 τῇ
1173 518 1230 580 εά-
1312 554 1316 557 v

119 612 223 703 θηκάη
242 615 459 697 ἐπιβουλεῦον,
478 612 534 676 τὸν
548 617 817 699 καινουρχηθέντα
831 619 916 702 φημί
936 614 1024 692 ἐκτὸς
1044 619 1104 682 τσά
1117 609 1229 694 άστεος

122 715 298 800 φαάνάακα
330 715 385 778 καί
406 714 567 797 κατεπόθη
597 717 711 800 μέχρις
733 713 875 801 ἐδάφους
894 717 1069 800 διαρροάς.
1113 719 1172 782 τοῦ
1194 719 1230 782 δὲ
1276 726 1281 737 ’

122 813 264 899 κάστροα
276 819 404 879 Πανίου
427 811 475 908 ἔτι
496 812 541 897 μη
565 818 824 897 συναπαχθέντες
846 815 953 892 αὐτοῖς
975 818 1229 902 ἐπεστράτευσαν

91 912 156 983 δοῖ
178 917 235 999 τῆς
252 912 440 980 Ῥαιδεστοῦ
464 917 530 979 κατ’
556 914 659 979 αὐτοῦ
671 940 679 956 ·
722 919 778 979 κατ’
798 918 840 980 δι’
862 915 988 1001 ἡμερῶν
1007 920 1102 982 τινάν
1122 942 1229 1002 παρα-

122 1015 317 1101 στησάμενοι
340 1015 420 1080 αὐτὸ
440 1013 529 1090 τινάς
548 1018 608 1097 μὲν
629 1015 691 1079 τάν
712 1011 801 1080 ἔνδον
823 1016 993 1099 η’μάναντο,
1016 1015 1088 1093 τούς
1111 1020 1145 1083 δὲ
1169 1011 1229 1084 άλ-

122 1125 203 1191 λους
225 1118 279 1181 ἔπε’
295 1112 405 1199 χάρας
427 1118 606 1181 κατέλιπον.
628 1112 728 1181 ἔκτοτε
751 1118 787 1181 δὲ
804 1119 845 1180 ου’
860 1121 1000 1184 διέλιπον
1018 1120 1053 1182 ἐκ
1074 1122 1128 1203 τῆς
1150 1116 1229 1182 άπα-

122 1218 272 1300 στατικῆς
300 1217 416 1298 μοι’ρας
437 1218 484 1291 εἰς
503 1213 562 1299 την
578 1214 761 1281 Ῥαιδεστὸν
792 1215 1049 1302 παραβάλλοντες
1069 1220 1230 1304 στρατιά·
1277 1296 1280 1303 .

121 1341 192 1393 ται,
214 1317 268 1380 καί
288 1316 407 1398 μᾶλλον
442 1310 637 1401 άλλογενεῑς,
665 1316 720 1382 καί
738 1316 813 1395 τοάς
833 1317 1009 1407 περικύκλῳ
1030 1317 1147 1403 α’γρσύς
1168 1323 1228 1383 λυ-

74 1411 334 1500 ιομαιτάμενοι,
364 1413 523 1502 προφάσει
549 1416 636 1500 τάχα
669 1421 725 1503 τῆς
756 1423 813 1483 τοῦ
839 1418 977 1503 κάστρου
1007 1420 1229 1506 φυλακῆςκαί

121 1519 366 1599 διατειχίσεως·
409 1507 505 1600 ἤθελε
527 1516 587 1601 γάρ
612 1521 668 1582 καί
690 1516 807 1593 αάτοάς
832 1517 1049 1602 ἦΒατατζϊνα
1071 1520 1114 1582 δι’
1136 1509 1227 1601 ὄγκον

121 1614 349 1702 άπερηφανίας
371 1615 426 1680 καί
447 1615 630 1702 άποτροπην
645 1621 700 1701 τῆς
720 1613 974 1702 άπαπτευομένης
992 1619 1073 1706 αι’τῇ
1096 1620 1228 1699 ε’πιβου-
1253 1662 1258 1667 -

120 1717 182 1799 λῆς
219 1718 276 1781 κατ’
311 1719 560 1800 παρακινησισος.
615 1719 818 1803 συνετηρὴθη
845 1718 954 1783 δὲκαὶ
982 1717 1001 1782 ά
1025 1719 1228 1799 νατΐσταθμος

119 1819 179 1881 τοῦ
202 1816 345 1882 τοισάτου
377 1814 515 1902 κάστρου
545 1817 680 1901 σκόλοψι
707 1824 762 1884 καί
792 1821 977 1904 περιπάτοις
1006 1822 1141 1897 ξυλίνοις
1174 1822 1230 1883 καί

72 1934 110 1986 15
121 1908 234 1990 ἄλλοις
257 1914 403 2001 σ’ρχάνοις
424 1923 487 1983 τάν
510 1917 684 2003 άλλοτριλαν
708 1923 787 1984 νεῶν
812 1921 1060 2003 άποτρεπτικοῖς.
1105 1923 1228 1983 πολλῶν

121 2020 159 2083 δὲ
182 2006 281 2081 άντων
313 2019 346 2082 άν
374 2020 417 2106 τῷ
438 2022 573 2107 αἰγιαλῷ
595 2021 786 2103 οἰκημάτων,
812 2020 1017 2105 καταστροφή
1045 2018 1165 2085 τοάτιον
1184 2020 1226 2082 δι’

119 2118 360 2204 άπονοουμένην
384 2120 593 2205 κατεπράχθη
622 2124 779 2186 ἐπίθεσιν.
832 2121 887 2186 καί
908 2120 1016 2198 άπλάς
1036 2121 1141 2186 πάντα
1167 2144 1225 2184 τα-

43 2296 57 2311 ,
118 2222 225 2302 ραχῆς
245 2221 419 2305 ἐπέπληστο
440 2224 495 2284 καί
516 2220 709 2303 συγχύσεως.
752 2218 897 2308 ᾐσθόμην
918 2222 953 2285 δὲ
972 2222 1029 2285 καί
1046 2218 1143 2295 αάτὸς
1163 2198 1354 2282 scirtius.

118 2318 274 2411 τοιούτοιν
291 2323 396 2385 κακῶν
417 2319 461 2397 uic
483 2323 540 2405 τὴν
556 2324 753 2387 άποστασιάν
774 2320 959 2408 άποφυγάν,
980 2325 1033 2403 τῆς
1057 2317 1143 2393 ἐντὸς
1165 2320 1224 2382 ῐθῧ

68 2418 261 2504 φοκάστροα
293 2422 395 2498 οἰκίας
422 2426 479 2487 καί
495 2424 556 2488 τάν
575 2423 749 2505 άγροτικάν
768 2447 831 2504 μου
861 2417 1026 2507 κτημάτων
1047 2419 1224 2503 διαρπαγὴν

116 2520 183 2584 τοῖν
204 2520 239 2582 ἐν
260 2521 365 2596 αάταϊς
389 2524 430 2585 ου’
450 2519 507 2607 τήν
529 2525 691 2604 τυχοῦσαν
711 2522 924 2587 ὑποστάντων.

217 2619 254 2686 Ὁ
276 2622 311 2684 δὲ
331 2625 506 2705 Βρυέννιος
522 2626 624 2703 τάξεις
645 2623 699 2689 καί
722 2621 827 2708 α’ρχάς
850 2624 889 2711 τῇ
903 2618 1056 2712 βασιλικῇ
1077 2623 1224 2708 δορυφο-

162 2814 172 2825 ·
196 2798 240 2852 11.
260 2815 295 2851 ιιι
312 2799 443 2873 aalma?
532 2802 575 2856 22.
594 2802 680 2868 τάξας
699 2801 729 2858 G.
749 2804 867 2856 conexit
883 2804 1025 2872 interpres.

117 2954 146 2999 et
166 2946 264 3015 copiae
277 2947 423 3013 insidiens,
442 2962 513 3001 nova
539 2952 644 3002 ratione
671 2950 770 3003 factum
798 2951 858 3004 dico
885 2959 960 3004 extra
978 2951 1069 3004 urbam
1088 2950 1223 3017 horreum,
1275 2992 1278 2997 ,

117 3026 145 3068 et
166 3017 323 3069 devoratum
348 3027 388 3071 est
405 3035 490 3088 usque
509 3020 654 3085 edwium,
675 3021 796 3074 effusum.
816 3022 930 3074 castello
948 3030 1036 3074 autem
1054 3021 1136 3073 Penio
1152 3038 1224 3073 nou.

116 3091 180 3140 dum
200 3087 294 3140 abacto
314 3090 347 3140 ab
374 3093 407 3141 iis
428 3092 543 3157 proiecti
563 3100 624 3144 eunt
641 3092 800 3161 Raeglestaui
828 3093 956 3144 adversus
975 3092 1016 3143 id:
1047 3099 1127 3158 atque
1147 3100 1223 3158 post-

118 3175 199 3228 quam
219 3175 268 3226 per
286 3160 343 3212 dies
362 3161 505 3214 nonnullos
524 3163 552 3214 id
571 3164 597 3212 iu
616 3169 774 3228 potestatem
793 3178 867 3217 suam
885 3163 1057 3229 redegerunt,
1077 3161 1156 3225 alios,
1176 3162 1221 3228 qui

118 3234 191 3283 intus
212 3239 296 3295 eraut,
316 3234 451 3296 arcebant,
471 3234 592 3301 reliquos
610 3234 637 3283 iu
651 3232 712 3283 locu
733 3233 909 3300 reliquerunt.
949 3233 1010 3284 indu
1031 3247 1064 3283 ex
1084 3246 1116 3281 eo
1134 3238 1221 3281 autem

116 3313 242 3369 tempore
267 3317 321 3353 non
340 3304 477 3356 desierunt
502 3321 535 3356 ex
562 3304 689 3356 seditiosa
716 3312 791 3370 parte
817 3304 843 3354 iu
862 3302 1022 3355 Raedestum
1046 3303 1150 3354 irruere
1169 3300 1222 3352 mi.

116 3374 181 3425 lites
203 3375 341 3441 magisque
360 3375 495 3442 peregrini
522 3383 549 3426 et
572 3390 650 3442 agros
670 3374 741 3427 cirea
768 3376 834 3427 sitos
853 3375 994 3427 devastare
1013 3381 1151 3439 praetextu
1172 3369 1221 3423 εἰε-

118 3444 224 3496 stadiae
244 3444 348 3496 castelli
374 3454 400 3496 et
419 3445 684 3499 circumvaiiationis.
723 3447 847 3514 cupiebat
874 3447 944 3498 enim
964 3445 1042 3496 etiam
1062 3459 1108 3495 eus
1127 3444 1221 3497 Βαιτι-

121 3517 184 3566 sina
212 3524 323 3582 propter
348 3515 497 3582 superbiam
526 3519 696 3586 arrogantiae
727 3527 755 3569 et
779 3518 940 3585 praesidium
964 3515 1135 3578 insidiarum,
1154 3531 1221 3584 quas

116 3588 316 3653 suspicaretur,
337 3594 364 3637 et
383 3588 524 3639 turbarum.
573 3598 748 3643 conservatus
767 3597 854 3641 autern
875 3596 916 3640 est
935 3588 1013 3639 etiam
1031 3592 1124 3655 partus
1143 3584 1221 3638 huius

117 3655 226 3708 castelli
253 3657 322 3723 palis
353 3665 379 3708 et
397 3660 544 3726 porticibus
567 3660 664 3729 ligneis
694 3668 720 3711 et
743 3660 805 3712 aliis
831 3658 1012 3712 instrumentis
1031 3672 1100 3726 quae
1119 3657 1221 3709 alienus

114 3743 202 3780 naves
221 3735 390 3780 averterent:
411 3746 523 3799 cumque
542 3732 623 3784 muita
638 3733 666 3782 in
685 3730 766 3783 litura
780 3740 870 3782 esseut
889 3730 1019 3793 aedificia,
1040 3730 1147 3781 eversio
1168 3728 1222 3779 ho·

113 3816 173 3851 rum
194 3806 305 3865 propter
323 3800 451 3865 iusidias,
478 3818 542 3870 quas
571 3802 770 3869 suspicabatur,
791 3802 859 3852 iacta
882 3810 931 3864 est,
958 3809 985 3851 et
1005 3802 1113 3852 omniuo
1133 3803 1221 3852 omnia

114 3870 193 3923 turba
212 3869 323 3937 impletu
344 3881 419 3923 eruut
438 3882 465 3924 et
484 3875 652 3925 contusione.
691 3874 763 3925 sensi
782 3880 870 3923 autem
891 3879 917 3922 et
936 3873 994 3939 ipsa
1008 3871 1073 3923 talia
1092 3872 1173 3935 mala,
1193 3880 1221 3923 ut

113 3949 258 4010 postquam
276 3942 434 3994 seditionem
455 3945 545 4013 effugi,
565 3947 666 4006 dumus,
686 3959 753 4012 quae
773 3944 843 3994 iutra
862 3942 1002 3995 castellum
1023 3951 1073 4007 est,
1093 3951 1120 3995 et
1138 3958 1221 4012 agra·

111 4015 195 4065 stium
215 4028 331 4064 mearum
350 4017 549 4081 possessionum
570 4017 696 4082 rapinam,
717 4029 786 4082 quau
805 4015 876 4066 inter
897 4030 942 4065 eas
962 4029 1017 4067 nou
1036 4024 1136 4067 sortem
1155 4013 1220 4067 sub.

112 4087 211 4135 ierant.

216 4173 439 4240 SedffBryeuaius
459 4146 565 4228 ors'liues
581 4182 609 4227 et
623 4176 792 4243 magistratus
806 4177 883 4243 regio
904 4175 1039 4227 comitatui
1060 4172 1140 4225 utiles
1154 4184 1222 4221 con.

109 4244 229 4301 stitueus
249 4253 277 4298 et
296 4245 432 4313 honores,
451 4261 626 4317 quaecuuque
645 4245 707 4298 huic
730 4246 897 4314 videbantur,
924 4246 1042 4316 quotidie
1068 4243 1221 4307 instituens,
