3168 4988
603 341 809 414 metenti.
1180 341 1252 412 tttt

153 502 400 591 α’ναφνρόμενον
421 494 595 588 ἄντικρυς,
617 546 654 556 -
677 510 770 571 τοῦτο
791 509 960 583 διοπτικός
983 502 1131 589 ἐπιγνούς
1152 527 1255 571 σπου-

154 604 214 687 δήν
234 604 406 688 ἐποιήσατο
436 602 492 687 τήν
522 601 614 671 νόσον
643 606 762 690 ταύτην
793 604 837 680 ὥς
860 608 904 681 τίς
926 601 1032 688 δεινήν
1054 602 1253 670 όλαύνουσαν

153 703 357 789 χαλεπότητα
379 707 504 787 στήοαι,
528 708 583 770 καί
599 704 694 785 νόμον
713 709 900 789 ἀντιστῆσαι
923 706 1032 792 ταύτη,
1055 714 1121 780 τοῖς
1138 703 1258 770 ούτονσί

154 805 317 884 πάσχουσι
338 803 458 888 βοηθόν
471 803 525 868 καί
547 804 760 891 συλλήπτορα,
783 805 838 869 καί
850 815 916 880 τοῖς
937 810 1114 886 βασιλικοῖς
1136 799 1254 888 ύπηρί.

127 918 226 977 5ταις
249 907 305 967 καί
327 905 641 985 αύτοϊς.βασιλεύσιν
662 905 825 988 εἰσάγοντα
843 905 900 990 τήν
928 906 1028 989 χάριν
1050 906 1177 969 δικαίαν
1200 901 1257 968 καί

152 1001 297 1084 ἔννομον,
316 1007 372 1068 καί
393 1007 560 1089 φροντίδος
582 1002 730 1090 τοιαύτης
753 1006 871 1082 αύτούς
892 1008 1175 1085 α’παλλάττουσαν,
1201 1005 1257 1068 καί

152 1101 213 1187 τήν
234 1103 477 1189 εὐγνωμοσύνην
500 1109 556 1169 καί
574 1108 749 1188 θεραπείαν
771 1112 999 1190 περιποιοῦσαν
1020 1102 1255 1189 α’πόρθητοντρῖ

152 1202 270 1285 θάρρει
292 1208 351 1268 τοῦ
379 1206 599 1291 φυλάττεσθαι
624 1204 699 1282 τούς
719 1211 776 1272 τού
795 1211 953 1288 βασιλέως
983 1201 1186 1290 θεραπευτάς
1199 1201 1256 1268 καί

150 1300 235 1382 μετά
255 1301 401 1387 τελευτήν
433 1305 536 1369 αὐτοῦ
556 1301 659 1390 πάσης
689 1308 939 1386 δεισιδαιμονίας
966 1309 1089 1390 α’θιγεῑς
1109 1302 1164 1370 καί
1193 1329 1255 1368 κα-

107 1404 307 1478 ίθαοποιίας.
351 1397 427 1467 ὅθεν
449 1401 652 1486 πανταχόθεν
684 1412 729 1494 rui
750 1401 849 1470 πόθει
870 1405 968 1493 τούτφ
999 1410 1173 1489 θεραπείαν
1195 1408 1255 1489 θη.

154 1498 308 1587 ρώμενος,
331 1502 450 1587 νεαράν
470 1509 661 1583 νομοθεσίαν
680 1508 824 1588 ἐκτίθησι
850 1509 1021 1591 πρόρριζον
1041 1503 1283 1585 ἐκείμνουσανλ.
1301 1515 1386 1573 tter.

151 1600 187 1666 τὸ
211 1606 380 1679 κακοθελὲς
400 1608 492 1668 τοῦτο
513 1607 567 1668 καί
588 1606 860 1689 παρανομώτατον
883 1607 1093 1691 ἐπιχείρημα,
1112 1604 1252 1691 φάμενος

152 1698 202 1768 δτι
236 1704 364 1769 πάντων
395 1700 596 1769 α’τοπύτατόν
620 1704 704 1770 ε’στιν
731 1707 770 1770 ἵν’
793 1704 903 1786 οἱμὲν
926 1706 1129 1782 δουλεύοντες
1152 1705 1255 1791 ,ἰδιού-

151 1830 217 1888 ται,
240 1803 396 1886 ἀγροίκοις
420 1803 565 1888 δηλονότι
589 1809 643 1869 καί
667 1812 809 1881 πολίταις
840 1810 895 1872 καί
918 1799 1075 1889 ύρχουσι,
1097 1806 1180 1889 μετά
1202 1830 1255 1872 τε·

108 1902 270 1987 ῑόλευτήν
291 1905 396 1969 αύτῶν
425 1905 565 1987 λεγάτοις
592 1911 742 1986 τιμῶνται
766 1910 821 1972 καί
841 1910 1077 1992 φιδικομίσσοις
1103 1909 1158 1974 καί
1177 1931 1256 1993 πρε-

152 2007 291 2085 σβείαις,
325 2003 403 2069 ἔνιοι
435 2009 470 2069 δὲ
503 2005 558 2069 καί
587 2010 829 2089 κληρονομίαις,
859 2012 914 2072 καί
941 2009 1022 2090 μετά
1045 2011 1099 2092 τῆς
1133 2010 1255 2075 τούτων

153 2105 338 2190 προσθήκης
360 2106 457 2189 ἔχωσι
475 2106 531 2170 καί
548 2105 605 2181 τάς
626 2108 709 2181 ἰδίας
730 2105 856 2190 κτήσεις
877 2110 1040 2191 α’ναντίρας
1060 2107 1176 2185 παντός
1197 2110 1255 2193 ζη-

152 2206 290 2285 τήματος
312 2210 368 2270 καί
389 2206 626 2291 προβλήματος,
650 2204 679 2272 οῖ
702 2211 737 2273 δὲ
769 2214 831 2273 τῶν
851 2213 1011 2290 βασιλέων
1033 2211 1254 2293 θεραπευταί,

151 2297 199 2380 οἷς
217 2308 335 2385 μείζονν
356 2306 372 2368 δ
393 2306 534 2388 κάματος
559 2311 614 2372 καί
641 2306 676 2373 τό
711 2305 977 2392 αύτοκρατορικόν
1005 2308 1076 2381 δόος
1105 2308 1253 2391 διηνεκῶς

105 2411 368 2490 Ξῠπεριγίνεται,
399 2407 478 2489 πρὸς
499 2414 542 2497 τῷ
573 2410 628 2474 καί
644 2406 790 2492 τοιαύτης
825 2411 1041 2474 ίπιτελευτίου
1070 2412 1253 2493 φιλοτιμίας

150 2510 207 2572 καί
228 2511 291 2572 ταῖν
313 2510 435 2573 οἰκείων
462 2509 698 2594 ἀποστερῶνται
720 2508 806 2592 παρά
829 2511 890 2573 ταῖν
908 2514 1077 2590 μετέπειτα
1097 2511 1255 2589 βασιλέων

149 2612 208 2673 καί
228 2611 289 2673 τάν
309 2608 430 2686 τούτοις
453 2608 701 2694 παρατυχόντων
724 2610 901 2694 ύπηρετοὸν,
928 2612 983 2675 καί
1008 2609 1052 2686 είς
1083 2611 1253 2692 κακοῦργοι

149 2708 206 2772 καί
229 2709 417 2794 προσάντεις
438 2709 467 2799 σή
487 2714 590 2787 καλῶς
613 2707 854 2796 διακονήσαντες
877 2708 1119 2779 α’πτλαύνοννται
1147 2710 1253 2776 otardo

223 2872 257 2926 20
276 2871 408 2935 τοιαύτας
426 2873 455 2928 G.
553 2875 596 2928 22.
617 2874 829 2948 περιτυχόντων
846 2875 877 2931 0.

152 3048 255 3102 ponere
274 3033 347 3099 huic,
366 3036 406 3103 sic
423 3033 530 3088 niiiictis
552 3035 680 3087 nuxiiinm
702 3045 730 3087 et
747 3035 866 3100 socium,
887 3042 915 3086 et
932 3050 1001 3104 queo
1020 3036 1104 3103 regiis
1122 3036 1251 3088 ministris

151 3107 267 3173 stipsis
293 3107 402 3174 regibus
427 3108 570 3160 adduceret
595 3107 705 3175 pretium
730 3106 824 3156 iustum
852 3112 879 3155 et
897 3104 1043 3173 legitimum
1067 3113 1094 3156 et
1120 3120 1183 3156 eum
1202 3104 1251 3157 tuli

151 3192 200 3228 eos
226 3176 354 3229 liberaret
379 3178 521 3230 othonum
542 3179 656 3229 animum
685 3184 712 3227 et
738 3176 903 3227 curationem
934 3175 1064 3227 excituret
1080 3174 1251 3239 inturbutum,

152 3264 213 3299 cnm
232 3249 397 3301 confiderent
410 3258 544 3303 servatum
564 3250 596 3300 iri
610 3249 682 3317 regis
695 3247 830 3298 ministros
841 3245 885 3298 vel
904 3253 965 3313 post
982 3245 1082 3296 obitum
1103 3247 1160 3297 eius
1179 3247 1251 3297 omni

150 3321 344 3387 superstitione
370 3322 483 3373 intectos
508 3329 535 3372 et
558 3320 669 3370 iniuria:
697 3320 766 3370 unde
791 3317 889 3386 ubique
915 3317 985 3368 meio
1005 3315 1067 3367 huic
1086 3316 1250 3370 curationem

151 3406 255 3443 vcnsns
275 3384 371 3442 uorum
390 3392 478 3460 legem
500 3391 562 3454 edit,
585 3406 653 3460 quue
674 3390 800 3441 radicitus
820 3386 954 3440 scinderet
972 3385 1134 3439 meletolum
1153 3385 1205 3437 hoc
1224 3393 1252 3438 et

151 3463 353 3513 iniustissimum
373 3464 517 3530 inceptum,
536 3461 700 3514 contendens
720 3461 834 3512 omnium
854 3459 1047 3526 ineptissimum
1066 3473 1136 3520 esse,
1154 3470 1249 3508 servos

151 3535 273 3601 privatos
293 3535 436 3602 agrestium
456 3543 483 3585 ct
502 3535 599 3585 civium
620 3540 647 3583 ct
660 3531 755 3583 ducum
774 3539 835 3598 post
850 3529 950 3582 obitum
970 3544 1061 3580 eorum
1081 3527 1177 3596 legetis
1196 3526 1248 3578 ho.

150 3606 242 3657 nornri
262 3613 289 3656 ct
305 3605 517 3657 fideicommissis
538 3612 565 3655 et
582 3605 659 3656 donis
682 3603 847 3665 honorariis,
875 3599 1020 3652 nonnullos
1040 3600 1118 3651 etium
1138 3597 1248 3649 heredi.

150 3675 250 3727 tutibus
271 3683 374 3727 etcum
403 3676 494 3728 hurum
523 3676 679 3727 accessione
704 3673 804 3725 babere
830 3672 908 3723 etiam
928 3672 1044 3738 privatus
1063 3669 1248 3738 possessiones

150 3748 306 3814 superiores
337 3748 407 3798 omni
426 3747 583 3816 quaestione
605 3755 632 3797 et
650 3746 856 3810 impedimento:
877 3749 969 3794 contre
990 3755 1083 3810 regum
1102 3740 1247 3803 ministros,

150 3819 248 3885 quibus
267 3820 351 3870 maior
369 3817 445 3870 luber
463 3825 490 3869 ct
511 3817 679 3883 imperatoris
700 3824 786 3867 metus
804 3820 934 3880 perpetuo
955 3812 1038 3876 adsit,
1063 3819 1248 3879 praeterquam

151 3891 230 3940 etium
249 3888 315 3940 teliu
333 3890 366 3939 iis
387 3890 542 3955 contingunt
560 3887 678 3938 defuncti
698 3885 781 3950 donn,
802 3885 880 3934 etium
904 3883 959 3934 suis
978 3883 1078 3951 privari
1098 3899 1114 3934 τ
1132 3882 1248 3950 postoris

149 3959 260 4028 regibus
280 3969 359 4028 utque
377 3976 467 4012 eorum
487 3959 625 4025 ministris,
644 3965 723 4022 atquo
743 3963 772 4006 ut
800 3953 935 4005 muieflcos
955 3961 982 4004 et
1001 3953 1246 4015 reverentiorem,

150 4032 196 4098 qui
216 4030 330 4099 pulchre
348 4032 522 4094 serviissent,
546 4027 646 4095 expelii
668 4026 787 4079 domibus
809 4033 835 4076 et
854 4023 978 4076 urbibus:
1007 4033 1149 4092 proptoren
1168 4024 1248 4072 etium

148 4100 240 4169 legem
268 4103 300 4153 de
319 4103 353 4153 iis
371 4103 493 4168 scripsit,
521 4116 589 4168 quse
607 4097 687 4150 telem
711 4096 849 4148 avaritiam
880 4103 907 4145 et
923 4095 1080 4162 pruvitutem
1097 4092 1246 4160 impediret,

149 4181 179 4223 ut
198 4173 231 4224 ud
250 4187 340 4225 omnes
361 4173 452 4241 regios
478 4172 600 4223 homines
618 4175 769 4235 serpentem
795 4174 822 4218 et
846 4181 925 4234 reges
948 4166 1078 4217 servitute
1097 4165 1247 4232 privantem

148 4242 325 4312 plurimorum
345 4243 520 4299 othonorum
538 4242 673 4306 virorum,
698 4255 757 4291 eum
775 4238 900 4291 timerent
917 4236 1039 4289 acerbum
1059 4243 1087 4289 et
1098 4233 1245 4288 violentum
