3182 4986
404 395 453 470 98
705 399 928 476 1ΜΙΟΗΑΕλλθ
958 398 1218 467 fflfflO'l’dE

404 552 473 637 nrn'
489 576 623 655 χειλέων
659 576 715 636 τοῦ
738 575 908 655 Διογένους
929 567 1177 654 ὁμολογούμενον
1200 570 1375 657 ἐπυθόμην.
1418 596 1504 654 yson-

403 677 506 753 μόνων
530 676 564 736 δὲ
585 669 783 755 γραμμάτων
805 672 883 755 πρός
898 671 1034 748 ἐκείνους
1055 662 1144 760 ἐφ’ᾧ
1166 676 1351 756 τελεσθῆναι
1376 678 1433 739 καί
1452 673 1503 750 τάς

402 775 565 858 συνθήκας
588 776 628 836 dr'
645 766 753 856 όρκου,
773 775 834 837 τῶν
854 770 1044 854 συμβούλων
1065 773 1167 836 αάτοῦ
1189 796 1245 853 τις,
1267 772 1302 836 τὸ
1325 777 1412 855 γένος
1433 778 1506 857 Ἀρ-

401 881 517 956 μένιος,
542 873 575 948 ὃς
598 876 653 936 καί
673 875 752 957 πρός
773 872 806 937 τό
833 871 924 956 ἔργον
947 872 1047 936 adada
1066 872 1219 954 μειζόνως
1242 875 1405 957 ἠρέθισεν,
1431 875 1506 938 ε’πε-
1575 884 1576 913 ³

401 975 598 1056 βουλεύσατο
622 972 730 1063 ταύτην,
753 976 808 1039 καί
828 974 1007 1053 συμπείσας
1030 975 1216 1038 άποστεῖλαι
1241 974 1316 1050 τοός
1338 976 1419 1062 άμφ’
1442 977 1527 1039 αι’-5

400 1076 454 1142 τόν
477 1073 618 1161 μηνυτὰς
634 1078 695 1140 τάν
710 1077 985 1156 βεβουλευμένων,Ι
1002 1074 1080 1157 πρός
1093 1072 1272 1155 σύμπνοιαν
1295 1069 1424 1153 άξοντας
1444 1081 1507 1141 τεόν

400 1200 435 1241 τε
458 1176 718 1261 στρατηγούντων
749 1174 805 1239 καί
834 1180 897 1239 τοῖν
925 1171 1069 1258 ὑπηκόων
1090 1172 1200 1255 τινάς,
1232 1174 1276 1250 ὥς
1300 1170 1382 1239 εἶδεν
1406 1174 1505 1241 πάτόν

400 1281 596 1361 ἐψιλωμένον
618 1279 738 1361 χειρός,
761 1286 907 1340 κατεῖπεν
929 1275 1029 1340 ου’τοῦ
1051 1278 1084 1340 ἐν
1107 1285 1173 1351 τοῖς
1200 1276 1367 1358 ἐγχωρίοις
1388 1272 1429 1352 ιός
1458 1275 1505 1361 εἴη

398 1380 616 1463 μεμελετηκώς
632 1380 838 1459 ἀποστασίαν,
861 1380 1032 1459 μᾶλλονδὲ
1049 1380 1221 1461 προδοσίαν
1238 1378 1344 1441 ου’τῶν
1361 1377 1405 1452 εἰς
1427 1380 1506 1454 τοός

401 1477 624 1564 Σαυρομάτας.
668 1484 725 1545 καί
745 1479 824 1562 πρός
846 1476 953 1558 θυμόν
979 1481 1162 1562 όιερεθίσας
1183 1477 1303 1554 αάτοός
1324 1480 1504 1544 ἐπιτίθεται
1517 1486 1546 1537 ¹0
1575 1530 1576 1551 r

391 1567 502 1669 ⁸aorirrp
522 1582 664 1664 α’θρόον,
687 1584 744 1645 κατ’
762 1581 858 1662 μόνον
890 1577 1032 1664 εόρηκάς
1053 1580 1269 1660 συλλαμβάνει
1299 1578 1354 1643 καί
1381 1580 1426 1655 είς
1449 1581 1507 1664 τῆν

399 1680 632 1763 βασιλεύουσαν
654 1674 724 1765 άγει
748 1681 923 1763 δεσμώτην,
945 1683 1035 1756 δίκας
1048 1685 1107 1745 τοῦ
1127 1680 1325 1765 τολμήματος
1346 1682 1505 1747 δώσοντα.

400 1782 521 1865 κριθείς
533 1785 640 1847 τοίνυν
660 1780 748 1867 παρά
763 1786 825 1846 τῶν
840 1781 970 1865 πριότων
987 1784 1041 1864 τῆς
1055 1782 1228 1865 συγκλῆτου
1241 1785 1361 1864 βουλῆς
1380 1785 1424 1870 τῷ
1440 1785 1507 1847 τῶν

398 1880 576 1964 ἐπιβούλων
597 1882 683 1973 νόμῳ
700 1877 785 1948 ἑάλω
806 1884 860 1947 καί
876 1884 1101 1968 κατεψηφίσθη
1125 1887 1243 1967 θανεῖν,
1266 1879 1311 1967 μῆ
1335 1882 1507 1964 άντερίσας

398 1978 421 2069 ῆ
448 1985 628 2060 ἀντιθέσεις
657 1984 859 2065 πλασάμενος
888 1978 908 2067 ῆ
929 1980 986 2066 τῆν
1009 1986 1198 2067 κατηγορίαν
1228 1980 1507 2066 άπαρνησάμενος,
1517 1995 1547 2046 15

399 2079 468 2149 ἄλλ’
485 2085 687 2168 αότόλεγκτος
704 2088 739 2149 ἐκ
760 2088 816 2168 τῆς
837 2082 1005 2167 ὁμολογίας
1023 2080 1195 2166 γενόμενος.
1220 2086 1251 2147 εἰ
1272 2087 1307 2146 dd
1324 2087 1380 2147 κατ’
1401 2081 1505 2159 ου’τός

398 2190 463 2251 τῶν
495 2185 693 2252 δικασάντων
721 2192 818 2268 μέρος
841 2184 1007 2268 ὑπῆρχον,
1029 2182 1137 2248 ἴσασιν
1158 2181 1188 2247 οἶ
1211 2190 1332 2249 πολλοί.
1375 2182 1425 2248 όιό
1449 2183 1509 2247 καί

398 2287 552 2375 ὑπερορίᾳ
573 2286 736 2377 άπειστάλη
760 2282 838 2366 πρός
865 2289 979 2368 νῆσον,
1002 2288 1097 2349 πᾶσιν
1117 2280 1210 2349 άνίαν
1235 2287 1402 2365 ἐνθέμενος
1433 2278 1506 2349 ὅσοι
1575 2336 1576 2357 ,

395 2393 450 2472 τῆς
466 2390 569 2453 adron
587 2385 726 2472 νεότητος
740 2381 762 2470 ῆ
776 2391 831 2450 καί
844 2383 1062 2469 γενναιότητος
1084 2389 1117 2450 ἐν
1138 2388 1231 2474 πείρην
1247 2389 1452 2450 καθισταντο.
1475 2381 1507 2449 οἱ

396 2492 426 2552 ‹i’
449 2487 636 2570 α’γνοεῦντες
658 2487 757 2552 αάτόν
779 2491 812 2551 dx
835 2489 895 2550 τῶν
916 2483 1048 2551 εἰδότων
1068 2484 1369 2569 παραλαμβάνοντες
1392 2487 1550 2569 όπῆρ-λθ
1575 2510 1576 2545 1

394 2612 454 2672 χον
476 2594 508 2668 ε”ξ
525 2588 621 2673 άκσῆς
642 2595 792 2672 ἐρασταί·
817 2590 872 2651 καί
893 2586 946 2650 nd
971 2590 1063 2652 τοῦτο
1079 2589 1120 2649 δι’
1143 2591 1239 2670 ειίχῆς
1263 2581 1302 2669 ῆν
1325 2597 1390 2660 τοῖς
1411 2584 1504 2662 όλοις
1575 2612 1576 2619 “

325 2714 336 2729 ·
397 2688 553 2772 άναότερον
574 2693 723 2772 γενέσθαι
743 2688 796 2753 τόν
819 2680 920 2770 άνόρα
934 2693 1152 2771 κολαστηρίων
1164 2686 1220 2751 καί
1236 2693 1436 2771 χαρισθῆναι
1464 2691 1507 2774 τῇ
1575 2676 1576 2737 ό

466 2876 493 2928 6.
513 2874 627 2936 ἄξοντες
646 2875 676 2928 G.
753 2875 793 2927 13.
815 2875 997 2943 coincidunt
1013 2876 1074 2932 θεὶς
1094 2873 1123 2927 G.

397 3029 494 3097 phoras
513 3031 640 3099 magister
658 3029 833 3082 Botaniates:
861 3028 912 3079 hoc
932 3029 1000 3079 enim
1018 3030 1083 3096 ipsis
1105 3028 1187 3081 labris
1214 3031 1287 3099 (ipso
1307 3031 1369 3098 ore)
1389 3028 1504 3099 Dioge.

393 3103 435 3154 nis
453 3102 633 3154 confirmatum
652 3102 780 3169 comperi.
818 3100 904 3153 missis
924 3109 1010 3151 autem
1030 3101 1138 3167 scriptis
1164 3101 1198 3153 ad
1221 3100 1301 3163 illos,
1325 3108 1356 3151 ut
1382 3115 1503 3168 compo.

392 3182 521 3227 necentur
543 3174 621 3225 etiam
642 3173 780 3241 pactiones
799 3170 979 3235 iureiurando,
993 3168 1206 3224 consiliariorum
1232 3172 1292 3222 eius
1313 3171 1430 3238 quidam,
1445 3190 1503 3241 ge.

392 3261 458 3296 nere
487 3245 646 3310 Armenius,
675 3245 720 3311 qni
747 3245 824 3296 etiam
850 3242 882 3292 ad
902 3242 1000 3293 sactum
1020 3260 1078 3295 eum
1098 3244 1183 3311 magis
1204 3243 1363 3305 exitarernt,
1384 3244 1503 3295 insidias

393 3316 456 3368 huic
473 3318 571 3369 struxit
589 3324 615 3367 et
635 3315 796 3383 persuadens
816 3315 860 3377 ei,
879 3321 908 3364 ut
926 3315 1043 3366 mitteret
1062 3329 1126 3368 suos
1144 3315 1247 3365 indices
1267 3313 1445 3367 consiliorum
1465 3316 1504 3367 ad

391 3389 547 3440 societatem
566 3387 733 3439 traducturus
752 3386 878 3454 quosdam
892 3384 986 3436 ducam
1006 3394 1033 3439 et
1051 3386 1239 3449 subiectorum,
1267 3394 1408 3453 postquam
1428 3388 1504 3439 uidit

391 3475 450 3510 eum
469 3460 593 3511 nudatum
611 3475 698 3521 mann,
718 3458 855 3508 accusavit
874 3472 932 3506 eum
951 3458 1020 3523 apud
1038 3456 1151 3521 incolas,
1168 3458 1244 3524 qnasi
1262 3457 1405 3509 meditatus
1424 3467 1504 3509 esset

390 3531 580 3594 deiectionem,
603 3532 662 3583 sive
684 3530 772 3595 potius
791 3527 968 3594 proditionem
988 3543 1079 3579 eorum
1100 3529 1132 3579 ad
1152 3528 1330 3591 Sauromatas,
1352 3536 1380 3579 et
1406 3532 1502 3580 animo

390 3603 505 3655 incitans
525 3617 571 3654 eos
590 3602 730 3653 insidiatur
750 3600 811 3651 huic
830 3598 908 3649 simul
929 3607 956 3649 et
974 3599 1059 3650 solum
1082 3600 1223 3651 inveniens
1243 3598 1450 3666 comprehendit
1471 3610 1503 3653 et

390 3672 423 3723 ud
441 3675 543 3740 regiam
562 3673 633 3724 ducit
652 3674 804 3739 captivum,
824 3685 924 3736 poenas
944 3671 1043 3736 incepti
1066 3671 1195 3722 daturum.
1223 3672 1355 3723 iudicatus
1376 3672 1461 3739 igitur
1482 3688 1501 3723 a
1575 3716 1576 3719 ,

390 3743 554 3807 principibus
586 3740 727 3796 convocati
752 3750 858 3794 senatus
887 3740 949 3808 lege
974 3742 1156 3793 insidiatorum
1184 3741 1370 3808 deprehensns
1399 3750 1441 3793 ost
1470 3752 1503 3795 et

389 3812 525 3864 damnatus
542 3816 643 3878 mortis,
663 3830 716 3865 non
738 3813 923 3865 contradicens
943 3821 987 3862 aut
1006 3812 1193 3878 oppositiones
1211 3815 1314 3881 tingens
1335 3822 1382 3864 aut
1409 3831 1502 3883 secra.

389 3882 519 3935 sationem
540 3900 651 3950 negans,
670 3887 717 3936 sed
737 3886 877 3936 convictus
897 3886 955 3950 ipse
974 3886 1161 3936 concessione.
1198 3901 1261 3935 num
1279 3893 1369 3935 antem
1391 3894 1419 3936 et
1436 3888 1503 3953 ipae

389 3953 505 4004 iudicum
523 3969 584 4021 pars
603 3955 718 4018 fuerim,
748 3957 835 4007 sciunt
855 3953 987 4021 plerique,
1008 3955 1177 4022 quamobrem
1199 3958 1277 4006 otiam
1298 3955 1382 4007 exilio
1396 3958 1506 4009 missus

390 4032 431 4077 est
448 4024 481 4075 ad
500 4024 623 4087 insulam,
643 4026 764 4075 omnibus
784 4026 976 4093 aegritudinem
1003 4028 1151 4092 imponens,
1177 4027 1332 4095 quicunque
1361 4028 1422 4078 eius
1450 4030 1505 4078 iu.
1575 4068 1576 4079 ,

388 4102 526 4150 ventutem
551 4103 596 4145 aut
623 4093 892 4147 etiam'nobiiitatem
920 4098 1022 4164 experti
1047 4107 1136 4160 αττηις
1157 4099 1202 4165 qui
1227 4107 1315 4149 autem
1334 4098 1509 4165 ignorarent
1575 4110 1576 4131 λ

388 4184 458 4233 eum,
478 4183 494 4218 a
512 4165 658 4218 scientibus
678 4166 815 4217 audientes
835 4168 933 4219 fiebant
951 4169 1081 4219 audiendo
1108 4170 1166 4220 eius
1193 4177 1343 4232 ornatores,
1374 4178 1402 4221 et
1427 4186 1507 4237 pro-

387 4250 479 4309 pterea
499 4237 620 4291 omnibus
647 4245 710 4289 voto
739 4246 813 4301 crat,
833 4240 997 4305 superiorem
1023 4240 1081 4290 fieri
1110 4241 1196 4292 virum
1220 4241 1315 4307 poeuis
1341 4248 1370 4291 et
1400 4242 1508 4297 donari

388 4313 548 4368 (iuncorum
574 4311 696 4380 imperio.
735 4324 793 4360 cum
819 4317 907 4361 autern
927 4311 1007 4363 etiam
1026 4310 1168 4365 eonsilium
1187 4312 1238 4367 riri
1257 4326 1311 4363 non
1331 4316 1436 4367 amoris
1456 4318 1510 4369 sui
