3168 4988
519 371 727 459 unapars.
1101 375 1175 451 257

77 530 137 594 sair
170 530 309 615 Μιχαὴλ
334 533 426 597 τοῦτο
455 538 637 621 πεποίηκεν·
689 539 757 602 ἀλλ’
804 540 1046 622 ἐπονογνονσθὲν
1077 544 1112 607 ἐν
1138 545 1177 629 τῇ

77 624 222 719 ἐκκλησίᾳ
243 634 284 694 ov’
304 629 402 713 μόνον
424 635 633 719 εόχαριστιάν
655 637 711 700 οὐκ
733 630 881 721 ἤνεγκεν,
902 640 983 703 α’λλὰ
1008 646 1063 706 κατ’
1083 637 1177 728 ipsu

78 731 161 822 ου’τηῖ
183 731 263 818 πρός
283 733 408 800 πόντων
430 736 484 800 καί
504 736 737 821 ἀναισχύντους
760 738 869 824 φανός
892 745 1086 828 προεξένησε.
1122 746 1179 807 καὶ

77 827 287 917 όΒρυέννιος
319 839 354 901 lt
385 842 519 903 τοιαῦτα
555 839 654 903 πολλοὶ
692 843 914 922 διεπέμψατο·
968 844 1037 905 αλλ’
1069 845 1176 920 ου’δείς

54 939 249 1019 επροσέσχεν
270 939 404 1019 inducie,
432 941 538 1004 καίτοι
575 945 630 1024 τῆς
660 939 778 1017 πόλεως
807 945 910 1025 α’γχοιῖ
940 946 1175 1025 καθισταμένου

7 1112 8 1115 ¹
77 1033 173 1100 ariensi
194 1035 228 1104 έν
248 1039 351 1121 ίσχόι,
374 1039 429 1104 καί
451 1044 629 1122 δυναμένου
651 1050 715 1117 τοῖς
739 1038 828 1107 ἔνδον
844 1046 1095 1128 παραβοηθῆσαι
1115 1068 1176 1108 τα-

75 1140 178 1221 χέας,
210 1140 241 1204 τί
265 1139 342 1224 πρὸς
365 1136 465 1206 αότόν
488 1141 691 1207 α’ποκλίνοιεν.
749 1135 829 1209 ὅπου
853 1147 887 1209 δέ
910 1143 942 1210 τό
969 1151 1058 1211 θεῖον
1080 1140 1177 1209 συνε-

76 1243 233 1304 πινένευκε
256 1240 311 1305 διὰ
336 1238 393 1325 τῆν
416 1245 530 1307 τούτου
551 1242 667 1326 α’ρετην
689 1246 745 1308 καί
770 1246 978 1330 χρηστότητα,
1001 1242 1102 1311 ἐκεῖσε
1123 1244 1178 1310 κοτ’

77 1336 94 1420 ηι
118 1344 177 1406 τοῖν
199 1340 381 1425 α’νθριόπονν
404 1341 487 1427 όρμὴ
512 1346 566 1409 κατ’
587 1348 716 1427 θέλησις
736 1350 885 1431 βέβηκεν,
908 1347 1061 1422 οἰσλανεῖς
1075 1348 1176 1431 ἐχόν-
1235 1410 1237 1421 ,

42 1453 139 1506 titana
165 1437 239 1518 νοός
262 1445 471 1530 χαρακτῆρας
503 1448 559 1529 τῆς
579 1449 634 1511 τοῦ
664 1446 782 1534 ἀνδρός
801 1446 931 1534 φύσεώς
953 1473 985 1514 τε
1014 1453 1070 1516 καί
1092 1449 1177 1536 πρό-

77 1545 160 1619 ξενε·
482 1550 485 1555 ’

171 1646 264 1729 Πρὸς
287 1649 386 1712 ταῦτα
410 1650 524 1732 συνῆκε
545 1653 604 1730 μὲν
635 1650 652 1711 ό
675 1650 807 1735 ζκρατοόν
832 1651 999 1735 ου’δαμῶς,
1024 1652 1100 1717 οόδέ
1120 1650 1178 1727 τός

79 1749 346 1830 παραδοξοποιίας
369 1743 489 1825 ταύτας
512 1751 558 1826 εἰς
578 1754 653 1814 νοῦν
674 1750 841 1836 ἀνήνεγκεν
873 1753 1100 1837 ἰσχυρότερον,
1122 1753 1177 1818 καί

76 1848 164 1910 θείαν
188 1844 299 1932 όμφῆν
324 1840 344 1931 ἢ
367 1853 471 1933 κρίσιν
493 1851 557 1913 τεόν
590 1844 673 1914 οὕτω
696 1854 935 1936 συντρεχόντων
958 1851 1099 1938 ἡγήσατο
1120 1850 1178 1939 τὴν

38 1949 254 2032 15έπιρροιαν’
298 1947 377 2012 ἄλλό
400 1947 491 2030 μόων
513 1949 634 2013 ὡσανεί
651 1948 725 2027 τυός
746 1956 800 2036 τῆς
820 1956 961 2028 διανοίας
986 1952 1176 2041 όφθαλμσός

74 2046 263 2133 ι’ταμοότερὸς
286 2073 352 2123 ποις
374 2052 493 2131 ἐγένετο
516 2054 571 2133 κατ’
586 2048 733 2128 α’ντίξους
756 2061 824 2129 τοῖς
856 2057 1032 2138 πράγμασι,
1054 2058 1178 2135 μᾶλλον

75 2149 108 2212 δέ
128 2158 200 2225 ταῖς
231 2151 266 2214 ἐκ
292 2151 351 2212 τοῦ
386 2153 477 2216 θείου
510 2155 721 2231 συμβολικοῖς
743 2154 923 2232 ἐπιδείξεσι.
976 2160 1031 2219 καί
1052 2152 1091 2220 τό
1115 2158 1175 2235 μὲν

74 2241 150 2314 ἅλλα
174 2244 237 2315 όσα
264 2254 485 2335 μειρακιωδῶς
519 2256 734 2337 διεσκέπτετο,
771 2258 997 2339 συντρέχοντος
1032 2257 1065 2318 έν
1097 2256 1177 2319 πόσι

73 2348 258 2436 Νικηφόρσυ
280 2356 337 2416 τοῦ
357 2357 528 2435 λογοθέτου
551 2357 608 2419 τοῦ
638 2356 783 2440 δρόμου,
805 2351 1072 2441 μηχανορρόφοις
1092 2352 1175 2420 τισίν

33 2444 92 2531 toll
113 2450 324 2536 α’στρονόμοις
339 2454 394 2519 καί
416 2459 583 2539 διοσημίας
603 2455 690 2530 τινός
712 2457 992 2538 ἐπαγγελλομένοις
1015 2455 1071 2520 καί
1093 2459 1176 2542 οἷφι-

72 2552 241 2633 δρυμοὶτων
272 2553 483 2640 προρρήσεσιν
505 2559 539 2620 ἐκ
570 2560 704 2621 τελετοόν
733 2560 939 2640 προσανέχειν
960 2555 1015 2621 κατ’
1036 2554 1175 2642 δημοκό-

71 2675 139 2727 ποις
160 2646 181 2736 ἢ
201 2657 428 2737 δεισιδαίμοσι,
451 2659 557 2738 λέγειν.
576 2662 631 2722 νῦν
646 2654 792 2741 περιττόν
813 2657 869 2723 καί
889 2649 1022 2743 όκαιρον
1041 2654 1173 2744 ἥγημαι·

71 2747 131 2818 ὅσα
156 2755 186 2817 δ’
210 2757 245 2820 ἐν
267 2758 324 2821 rod
348 2760 527 2844 προφανοῦς
559 2757 722 2841 ἐτυράννει
755 2757 811 2825 καί
841 2759 1019 2845 βιαιότερον
1050 2754 1072 2844 ἢ
1094 2760 1173 2829 κατὰ

72 3077 126 3113 non
149 3070 206 3113 est:
237 3069 412 3125 praevertens
441 3062 510 3113 enim
529 3064 674 3128 imperator
692 3061 806 3114 llichacl
832 3062 884 3113 boc
906 3063 984 3114 lecit:
1008 3065 1055 3114 sed
1072 3080 1175 3117 rennn.

73 3135 155 3184 tiatac
177 3134 357 3184 inconvento
375 3149 427 3185 non
447 3132 531 3185 solum
553 3140 656 3201 gratum
675 3134 789 3183 animum
808 3146 862 3181 non
884 3131 1013 3196 tulerunt,
1030 3133 1078 3183 sed
1097 3137 1176 3185 etiarn

72 3204 217 3255 ludibrium
243 3203 268 3253 ei
297 3203 329 3255 ab
361 3205 482 3257 omnibus
508 3212 534 3255 et
562 3203 728 3269 impudentes
753 3217 836 3253 voces
862 3202 1049 3253 conciliarunt.
1096 3212 1176 3271 atquo

71 3274 226 3341 Brycnnins
252 3275 321 3326 tales
351 3276 445 3328 multus
472 3278 558 3327 misit:
592 3275 639 3325 sed
664 3288 742 3324 nemo
776 3288 864 3324 earum
893 3275 1022 3324 rationem
1052 3272 1175 3337 babebat,

73 3361 233 3415 quamquam
261 3359 346 3412 prope
372 3347 463 3398 urbem
493 3346 579 3398 stabat
598 3343 701 3397 salidus
722 3352 749 3396 ct
767 3352 872 3412 poterat
896 3344 929 3395 iis
947 3346 992 3413 qui
1011 3345 1082 3395 intus
1102 3353 1178 3396 cmut

72 3419 176 3468 anxilio
198 3417 293 3469 venito
313 3416 449 3481 celeriter,
469 3419 491 3469 si
510 3419 543 3470 ad
564 3434 624 3467 cum
642 3416 823 3467 deflecterent.
846 3416 891 3466 ubi
908 3425 995 3467 autem
1013 3431 1111 3466 numen
1133 3416 1176 3466 di.

72 3491 165 3539 vinnm
184 3488 276 3537 adnuit
302 3498 411 3555 propter
430 3489 507 3539 huius
527 3491 651 3540 virtutem
680 3487 882 3550 mutilitatem,
902 3487 968 3538 illuc
989 3489 1066 3537 etiarn
1087 3485 1176 3537 honri.

71 3575 134 3610 narn
153 3561 269 3625 impetus
289 3569 316 3612 ot
335 3559 457 3612 voluutas
482 3558 548 3611 abiit
566 3560 653 3611 firmas
679 3559 831 3610 habentium
850 3561 975 3610 notiones
992 3565 1104 3608 naturae
1123 3557 1176 3608 viri

72 3640 99 3682 ct
117 3631 242 3682 actionis.

174 3726 247 3778 llaec
266 3728 350 3795 igitur
368 3728 554 3780 animadvertit
573 3732 717 3796 imperator
744 3742 910 3795 nequaquam
929 3741 1017 3794 nequo
1036 3724 1103 3776 baec
1121 3726 1175 3777 mi.

72 3797 166 3851 racula
186 3799 217 3849 ad
240 3807 353 3850 mentem
381 3798 476 3849 retulit
500 3800 642 3852 firmiorem
673 3814 761 3865 nequo
780 3799 896 3850 divinam
922 3812 1015 3849 vocem
1038 3797 1082 3849 vel
1103 3797 1175 3849 indi.

73 3874 144 3922 eiam
165 3884 270 3933 eorum,
297 3884 366 3938 quaa
389 3871 425 3920 ita
454 3871 658 3934 conveniebant,
677 3871 780 3935 putavit
805 3868 941 3930 alliorum,
962 3868 1008 3919 scd
1027 3884 1176 3920 muscarum

72 3945 158 3993 instar
176 3943 272 3992 mentis
298 3940 383 3992 oculis
401 3942 485 4009 magis
506 3941 672 3993 inconsultus
700 3940 781 3991 fiebat
806 3946 833 3989 et
853 3941 991 4004 oppositus
1008 3940 1098 4004 rebus,
1117 3956 1176 3991 ma.

72 4015 171 4080 gisquc
197 4013 311 4064 numinis
338 4011 422 4064 divini
453 4011 607 4076 symbolicis
625 4012 718 4079 signis.
763 4017 843 4077 atque
865 4019 955 4063 cetera
974 4011 1090 4079 quidem,
1109 4025 1177 4079 quaa

72 4084 233 4135 iuveniliter
254 4083 388 4150 cogitabat
409 4092 585 4134 concurrente
602 4084 629 4133 iu
651 4081 772 4133 omnibns
790 4080 942 4148 Nicephoro
963 4082 1101 4151 logotheta
1120 4089 1177 4132 sta-

72 4156 124 4218 dii,
144 4169 205 4205 cum
225 4155 413 4222 impostoribus
432 4163 459 4204 et
477 4156 635 4205 astronomis
657 4161 683 4203 et
704 4154 738 4203 iis
761 4153 805 4220 qui
825 4154 901 4221 signa
920 4153 1050 4205 coelestia
1068 4153 1178 4203 nuntia.

71 4237 133 4278 rent
152 4235 179 4277 et
197 4227 335 4293 signorum
356 4225 582 4292 praedictionibus
609 4223 754 4276 secundnm
773 4225 949 4275 initiationem
968 4240 998 4276 so
1024 4225 1178 4275 adverteret

73 4308 101 4351 et
118 4296 296 4369 popularibus
314 4296 496 4350 adulatoribus
514 4305 561 4350 aut
578 4296 786 4366 superstitiosis,
807 4311 932 4349 enarrare
950 4310 1022 4347 nunc
1042 4307 1176 4361 superua-

162 4393 248 4449 stat.
268 4392 352 4448 Aust.
370 4394 438 4449 ltus·
959 4390 991 4443 17
