3182 4986
584 347 872 420 numme‘

152 517 204 585 τόν
225 518 398 601 πέμψαντά
420 542 471 600 με.
523 520 591 585 ἄλλ’
612 518 744 605 ἔρχεται
770 514 840 606 όόρα
869 524 921 586 ἳνα
941 523 1004 596 πᾶς
1026 503 1043 584 ό
1064 520 1251 595 όποντεινας

151 621 236 702 όμός
255 618 331 708 δόξῃ
353 624 500 703 λατρείαν
534 622 728 706 προσφέρειν
755 625 799 710 τῷ
820 611 914 708 esp?
960 619 1062 698 εόθός
1083 613 1141 685 ode
1162 611 1250 702 όχω-

152 725 219 785 νισῖν
248 717 279 785 oi
318 723 409 786 τοῦτο
437 718 715 807 προσημηνόμενοι
748 717 991 805 κατρρξόμεθα,
1022 723 1077 785 καί
1109 722 1250 803 durandi:

151 816 229 887 εἶναι
252 817 288 886 τό
311 825 449 906 λαληθὲν
470 824 601 906 έπίπῆς
622 820 825 907 oppressissem
855 819 1086 905 dtsyses'sespts.
1128 822 1250 901 ζέοντος

126 924 186 990 edd
205 925 264 986 τοῦ
287 927 427 1002 πολέμου
450 926 674 989 έπαπέστειλεν
705 924 722 988 ό
749 922 901 1006 βασιλεύς
922 925 977 987 κατ’
1000 920 1054 988 τόν
1072 919 1249 1005 μόγιστρον

149 1020 337 1106 Βασιλόκην
357 1027 411 1088 καί
429 1025 592 1089 sucessisse
616 1025 911 1098 Θεοδοσιουπόλεως
930 1025 1010 1105 μετὰ
1031 1024 1126 1093 τινοῖν
1145 1024 1250 1105 dnos-

149 1126 226 1205 ρίοον
247 1126 469 1207 στρατιωτῶν,
502 1125 545 1200 ὥς
574 1128 636 1190 τόν
656 1131 775 1191 λοιπόν
805 1118 904 1190 όντων
927 1123 1006 1206 μετὰ
1034 1128 1095 1188 rosi
1118 1128 1251 1207 Τροχα-

149 1220 279 1288 νειοότου
303 1225 348 1298 εἰς
369 1222 404 1288 τό
431 1226 551 1291 Χλιίττ.
600 1230 786 1308 προστεθεὶς
809 1219 876 1291 'oe's
903 1228 948 1313 τῷ
968 1227 1133 1313 Βρυεννίρι
1151 1225 1250 1307 μέχρι

151 1321 233 1398 τινός
258 1322 332 1399 roda
355 1324 605 1407 α’κραβολισμσός
627 1326 683 1391 καί
702 1326 798 1403 αιίτδς
818 1327 1004 1408 όπεδέχετο.
1048 1326 1250 1407 συνθεμένων

112 1425 184 1492 torti
199 1427 263 1489 τοῖν
279 1426 480 1508 στρατιωτῶν
494 1425 625 1491 κατόπιν
646 1426 746 1492 αὐτοῦ
760 1431 959 1507 ἀκολουθεῖν,
977 1431 1251 1507 πρωταγωνιστεῖν

114 1522 117 1526 ”
148 1520 251 1599 ου’τός
275 1528 519 1608 καθυπέσχετο,
551 1531 606 1592 κατ’
633 1525 734 1604 εόθός
763 1523 941 1613 ἐξορμήσας
964 1527 1048 1591 νωτα
1069 1520 1252 1590 δεδωκότων

148 1627 208 1689 τόν
231 1611 386 1690 Ιόναντίων
421 1626 543 1692 ’ἐδίωκε
594 1622 878 1710 συνακολουθήσας
912 1627 941 1691 δ’
969 1624 1058 1714 co'rqi
1087 1619 1170 1705 μετὰ
1192 1624 1251 1690 sou‘

149 1725 293 1806 πλήθους
314 1723 332 1785 o‘
356 1728 546 1809 Βρυέννιος,
576 1722 645 1794 εἶτα
667 1725 743 1803 τούς
774 1729 918 1825 ῥυτῆρας
940 1723 975 1792 έν
995 1723 1196 1806 συνθήματος
1216 1722 1252 1788 έν

147 1824 259 1912 α’γνοίρτ
281 1825 338 1889 τοῦ
358 1830 557 1893 Βασιλακίου
580 1822 707 1911 ἀνέχειν
727 1826 800 1903 τοός
833 1829 914 1915 ἀμφ’
946 1824 1045 1893 odada
1063 1821 1252 1909 προτρεψό-
1351 1847 1354 1854 ’

114 1944 253 2005 reperior,
275 1926 400 2011 α’φῆκεν
422 1926 521 1993 αὐτόν
540 1926 620 2010 μετέ
645 1932 708 1993 τῶν
728 1932 927 2010 πειθομένων
947 1926 1052 2017 τοότοι
1073 1926 1128 1990 κατ’
1145 1924 1252 2006 μόνων

149 2024 293 2107 αἰιρατοός
315 2024 440 2091 διώκειν
464 2031 517 2093 dni
530 2029 624 2094 πολό.
668 2027 739 2094 ἐπεί
762 2033 797 2094 δέ
819 2034 863 2117 sq?
876 2027 998 2113 χάρακι
1017 2032 1080 2094 τῶν
1101 2028 1252 2092 ἐναντίαν

147 2129 344 2207 προσέμιξε,
381 2129 588 2213 διαπαρέντος
612 2133 672 2194 τοῦ
702 2131 799 2195 ἵππου
830 2133 987 2213 προσέσχε
1008 2130 1048 2214 τῇ
1068 2128 1128 2216 νῇ,
1152 2122 1252 2208 θέρος

151 2229 214 2288 ταῖν
236 2222 344 2293 ὅπλων
374 2226 618 2315 ἐπιφερόμενος·
673 2229 723 2295 διό
754 2230 809 2296 κατ’
838 2233 1063 2314 περιχυθέντες
1092 2225 1191 2292 αότόν
1221 2219 1252 2288 οἱ

150 2331 297 2408 πολέμιοι
320 2331 438 2419 ζωγρίᾳ
458 2331 669 2412 λαμβάνουσι.

111 2448 142 2502 se
251 2429 511 2514 Καταλαςέοόσης
534 2434 569 2495 δὲ
590 2431 706 2515 ταόιης
729 2435 784 2515 τῆς
807 2429 955 2515 α’μχελίας
975 2429 1177 2512 τὸνβασιλέα
1198 2423 1254 2491 κατ’

152 2526 204 2592 τόν
227 2525 384 2613 στρατόν,
408 2532 512 2595 δειλιά
532 2536 587 2595 καί
607 2533 762 2597 κινδόνων
785 2534 873 2606 ε’λπίς
900 2540 966 2607 τοίς
984 2530 1153 2612 Ῥωμαίοις
1173 2530 1248 2594 έπέ-

151 2642 295 2716 unques,
319 2630 513 2699 innitimini
542 2637 735 2719 τραυματίαι
764 2633 909 2721 φορόδνμ
936 2633 1085 2716 οἰχόμενοι
1106 2632 1162 2697 κατ’
1181 2638 1252 2710 ταῖς

152 2949 384 3010 contempserunt,
411 2949 502 2996 vestra
528 2959 636 3013 qnoque
667 2953 851 3000 contemnent:
881 2947 949 2999 baec
974 2961 1041 3000 vero
1060 2945 1149 2999 omnia
1175 2946 1253 3000 robis

150 3013 266 3078 facient,
287 3014 357 3084 qood
370 3016 429 3084 quis
448 3031 491 3067 me
508 3017 613 3068 miserit
629 3018 764 3087 ignorant.
801 3019 849 3071 sod
867 3019 943 3071 adest
961 3026 1074 3084 tempus,
1096 3016 1140 3068 nbi
1160 3032 1253 3070 omnes
1336 3047 1346 3055 ·

149 3086 195 3153 qui
214 3100 264 3138 vos
283 3086 422 3151 occident,
443 3087 493 3139 dco
509 3089 613 3141 servire
633 3088 819 3141 videbuntur.“
842 3090 929 3141 statim
948 3103 1015 3140 vero
1033 3087 1167 3156 trepidare
1185 3101 1253 3138 coe-

149 3157 245 3223 pimur‚
264 3159 311 3225 qui
330 3156 380 3209 hac
400 3174 434 3210 ex
451 3174 481 3210 re
495 3160 717 3228 significationem
739 3174 910 3226 ceperamus:
929 3173 996 3210 vera
1015 3159 1085 3209 enim
1106 3171 1166 3209 esse
1183 3172 1253 3224 quse

148 3227 263 3292 dicebat,
283 3229 310 3279 in
328 3230 527 3297 significatione
552 3246 774 3298 cognoveramus.
820 3230 930 3282 ardente
949 3237 1038 3280 sutem
1064 3226 1138 3280 bello
1158 3242 1207 3278 rex
1225 3233 1252 3287 et

30 3332 32 3335 ·
148 3298 290 3351 Besilacen
310 3304 461 3369 magistrum
478 3310 505 3354 et
518 3301 741 3368 Theodosiopolis
761 3302 925 3369 praelectum
945 3316 1004 3352 cum
1023 3300 1120 3352 innatis
1140 3298 1252 3366 quibos.

147 3370 209 3421 dam
227 3371 348 3424 milititus
369 3372 501 3426 Chliatum
522 3374 611 3437 misit,
633 3373 745 3441 reliquis
771 3390 829 3425 cum
848 3373 1024 3426 Traobaoiote
1045 3370 1183 3438 proiectis.
1203 3369 1252 3421 nd.

147 3441 220 3492 ditas
239 3443 321 3511 igitur
339 3443 475 3510 Bryennio
494 3443 656 3513 aliquamdiu
676 3445 781 3512 proelis
800 3447 903 3497 eminus
921 3445 990 3496 laetu
1010 3451 1037 3494 et
1058 3445 1117 3510 ipse
1136 3441 1251 3508 excepit

146 3511 277 3564 militibus
296 3522 384 3567 eutem
405 3531 464 3567 eum
483 3531 498 3566 a
516 3523 594 3585 tergo
613 3519 690 3584 sequi
709 3517 884 3569 adnuentibus
898 3518 984 3582 ipsum
1003 3530 1033 3566 se
1048 3529 1113 3581 pree
1131 3511 1252 3563 omnibus

146 3600 183 3651 pu
207 3592 326 3637 naturum
348 3602 407 3639 csse
426 3585 563 3654 pollicitus
583 3596 632 3653 est,
651 3589 791 3657 statimque
819 3588 966 3657 profectus,
986 3601 1044 3637 eum
1064 3585 1156 3636 hostes
1177 3591 1253 3652 terga
1278 3584 1291 3597 “
1316 3592 1322 3607 ·

143 3598 294 3720 dedissent,
316 3673 363 3708 eos
382 3659 602 3726 persequebatur,
622 3660 754 3728 simulque
780 3675 838 3710 curu
858 3674 891 3710 eo
910 3658 1062 3723 Bryeunius
1081 3671 1139 3707 cum
1158 3654 1252 3707 multi-

142 3727 257 3777 tudine:
276 3735 331 3779 tum
344 3729 509 3795 verobona,
531 3738 560 3782 ut
574 3740 747 3797 convenerat,
767 3733 907 3799 ignorante
919 3728 1052 3782 Bssilucio
1071 3726 1169 3781 tollere
1188 3742 1252 3779 suos

141 3798 231 3849 iussit
249 3807 275 3849 et
293 3799 391 3852 dimisit
416 3817 475 3852 eum
496 3818 553 3852 cum
573 3804 616 3867 iis,
644 3804 688 3871 qui
715 3803 777 3854 huic
797 3801 849 3854 soli
874 3809 1008 3867 parerent.
1028 3809 1058 3853 nt
1077 3798 1252 3853 vehementer

141 3866 235 3934 longe
253 3880 486 3940 persequerentur.
506 3889 564 3924 cunr
584 3883 670 3925 autem
684 3873 758 3925 vallo
778 3874 892 3925 bostium
912 3873 1161 3940 appropinquasset,
1181 3885 1251 3938 equo

139 3939 298 3992 translosso
314 3944 340 3993 in
361 3952 457 3995 terrem
478 3944 570 3995 incidit
586 3959 716 3996 armorum
730 3944 861 4012 gravitate
882 3959 1051 4011 suppressus.
1089 3946 1179 4010 itaque
1198 3941 1251 3993 bo-

139 4017 201 4061 ελσε
224 4013 376 4064 circumfusi
396 4016 485 4065 vitrum
506 4032 565 4066 euru
586 4018 701 4083 capiunt.

251 4099 309 4162 Quo
327 4104 422 4154 nuntio
446 4102 478 4154 ad
497 4118 588 4171 regern
608 4102 690 4153 allato
710 4111 736 4153 ot
760 4103 793 4154 ad
812 4105 977 4167 exercitum,
997 4102 1092 4155 Grneci
1111 4100 1250 4154 timiditate

136 4180 166 4223 ct
186 4170 377 4239 periculorum
402 4181 474 4225 sueto
498 4176 619 4242 oppressi
647 4182 719 4239 sunt,
737 4189 797 4227 eum
822 4176 901 4228 etiarn
922 4174 1053 4228 vulnerati
1073 4179 1249 4242 opportere·-

136 4251 185 4296 tur
210 4249 325 4310 propter
342 4242 482 4297 uolnerum
501 4245 620 4299 dolorem
644 4248 817 4314 suspirantes.
860 4255 969 4300 coactus
980 4247 1070 4315 jqitur
1086 4259 1136 4299 res
1153 4254 1249 4310 egres·
