3168 4988
650 355 857 427 moronti.
1225 353 1304 437 oete

197 517 289 594 ζίνιου
331 517 530 598 α’νανιομιζονν
562 516 714 606 οἷφηρέθη
749 520 886 595 τούτους,
913 518 994 602 πρός
1033 521 1072 607 τή
1100 522 1177 605 ακτῇ
1210 515 1299 603 παραὶ

194 623 259 680 τῶν
296 618 354 681 τού
387 614 602 683 Βοτονειύτου
636 622 859 702 στρατιωτῶν,
896 611 958 702 ήδη
985 618 1215 702 καταλαβόντος
1244 615 1301 694 uic

197 721 424 800 Προποντιόυς
447 716 621 794 duodenni
642 718 700 794 τοὶς
730 724 803 784 καθ’
823 715 1057 804 Ἑλλήσποντον.
1103 719 1184 785 ύλλοὶ
1206 719 1261 784 ταί
1283 716 1301 782 δ

196 822 338 892 Λατῖνος
357 816 538 896 Ῥουαέλιος
561 818 751 896 ἀποσταλείς
785 821 819 885 τό
847 817 995 908 δεύτερον
1018 819 1174 913 κατύίτού
1197 822 1301 886 αύτα-

168 919 319 1019 5δέλφου
339 923 398 982 τοῦ
410 921 600 1002 Βρυεννίου,
622 924 736 1005 μέχρις
753 922 943 1006 Ἡρακλείας
959 920 1086 1009 Θρᾴκης
1107 922 1301 1007 α’πολέμητος

196 1015 260 1082 σύν
281 1027 346 1093 τοῖς
367 1025 630 1104 στρατευομένοις
654 1027 896 1104 καταλέλειπτο,
918 1024 972 1086 καί
996 1019 1051 1106 τήν
1072 1019 1163 1086 πόλιν
1184 1021 1300 1105 ταύτην

198 1114 355 1201 δχύροομα
379 1123 434 1184 τού
456 1122 541 1187 ἰδίου
559 1123 792 1206 στρατεύματος
810 1122 991 1208 ἐποιήσατο,
1013 1118 1298 1209 προφυλαττδντων

197 1215 324 1283 πύντονν
344 1223 398 1284 καί
423 1218 715 1305 προοδοποιούντων
732 1228 776 1311 τήν
796 1224 994 1312 Βοτανειύτη
1015 1220 1053 1288 τύ
1079 1218 1257 1307 νικητήρια.

302 1321 344 1386 Ti
368 1323 395 1384 δ’
419 1322 481 1387 α’πὸ
502 1326 596 1388 τοῦδε
616 1322 871 1409 παρεσκευάζετο
893 1329 952 1406 μέν
979 1323 995 1390 o‘
1017 1323 1169 1409 βασιλεύς
1192 1318 1299 1404 nitio,

149 1438 186 1491 1o
199 1426 281 1506 λέγω
303 1421 357 1488 τὸν
379 1423 614 1510 θεοπρύβλητον
635 1427 863 1511 Βοτανειύτην,
884 1430 930 1503 εἰς
948 1425 983 1492 to*
1003 1436 1121 1511 χωρεῖν
1140 1422 1221 1509 πρύς
1239 1420 1298 1507 τήν

194 1520 431 1606 βασιλεύουσαν
455 1527 490 1590 έκ
513 1530 670 1602 Νικαίας·
713 1527 795 1591 πολύ
825 1530 860 1591 δὲ
881 1531 1001 1613 πλῆθος
1026 1532 1162 1614 συρρέον
1185 1523 1220 1591 ἐκ
1242 1530 1297 1607 τής

196 1620 441 1708 μεγαλοπόλεως
473 1625 554 1710 πρὸς
578 1626 676 1709 αύτύν
697 1630 830 1714 ἐφοίτα,
861 1633 916 1693 κατ’
937 1629 1104 1709 διεσώζετο
1125 1627 1212 1711 παρὰ
1236 1627 1298 1691 τῶν

202 1728 349 1809 Τούριιονν
374 1725 429 1810 τήν
453 1726 514 1789 α’πὸ
537 1725 701 1814 θαλάσσης
721 1735 820 1814 μέχρι
849 1733 988 1807 Νικαίας
1008 1732 1186 1811 νεμομένων
1207 1728 1299 1809 περί-

196 1850 312 1910 χωρον.
357 1826 401 1904 ὥς
428 1829 486 1910 γὰρ
512 1825 686 1913 ἐρωτῶντες
714 1827 836 1906 αύτούς
856 1829 934 1915 πρὸς
964 1828 1019 1896 τδν
1051 1833 1189 1913 βασιλέα
1211 1821 1436 1912 ήκεινῐ.λλδτ.

151 1944 186 1996 15
197 1930 379 2002 σπουδαίως
394 1931 587 2010 ἐμάνθανον,
610 1929 711 2004 εύδύς
734 1928 867 2008 τούτους
889 1932 931 2008 ὥς
954 1930 1148 2013 ὁμοδούλους
1170 1930 1299 1995 καίου-

196 2027 304 2112 νήθεις
329 2028 408 2112 πρὸς
427 2031 484 2115 τήν
507 2029 690 2113 ὁδοιπορίαν
717 2036 923 2114 παρέπεμπον
955 2007 1175 2119 τύχινοδτερον.
1217 2030 1298 2114 ἦμε-

197 2130 262 2212 ρῶν
284 2132 319 2195 δὲ
341 2133 436 2194 τινῶν
469 2133 699 2213 διαγενομένων
731 2131 788 2196 ούιι
812 2126 921 2217 ήνεγνιε
947 2134 1002 2198 τδν
1025 2130 1122 2198 πόθον
1144 2133 1163 2216 ἦ
1183 2133 1297 2197 εύδαί-

195 2254 267 2307 μονν
292 2229 348 2294 καί
365 2235 622 2316 προκαθεζομένη
643 2235 698 2318 τῆς
712 2230 796 2310 ἓιύας
818 2232 1012 2319 μητρόπολις
1025 2238 1080 2298 καί
1100 2232 1202 2317 τύτής
1223 2238 1297 2298 δου-

197 2335 285 2412 λαιῆς
306 2336 438 2415 στοργῆς
466 2330 664 2416 περιούσιον,
685 2334 739 2397 καί
760 2334 795 2398 τύ
819 2332 879 2419 πρύ
901 2339 955 2417 τῆς
978 2333 1098 2409 πόλεως
1129 2335 1295 2416 προκαθή-

148 2432 275 2500 nonem
300 2438 448 2515 σκηνίτας
475 2433 548 2508 τούς
581 2435 701 2498 ἐκείνου
732 2437 950 2519 προασπιστύς
974 2458 1006 2500 τε
1028 2435 1083 2499 καί
1098 2432 1295 2519 στρατηγούς

195 2535 229 2596 έν
245 2533 407 2621 εἰιεχειρίρι
429 2536 484 2599 καί
503 2535 642 2625 οἷπραξίηι
663 2533 695 2600 ἓν
716 2538 808 2623 δεινῷ
822 2540 1026 2623 ποιησαμένη,
1040 2533 1097 2620 τήν
1120 2534 1218 2599 ον’δῖνα
1240 2536 1295 2617 τῆς

194 2630 376 2716 βουλήσεως
396 2631 569 2721 έκρηγνύτι,
592 2641 648 2702 καί
668 2640 754 2725 κοινῇ
774 2637 874 2726 ψήφῳ
895 2638 1010 2714 πάντες
1031 2634 1061 2701 ei
1083 2639 1117 2701 έν
1137 2636 1219 2726 αύτή
1242 2632 1295 2702 τὸν

196 2734 413 2821 Βοτανειύτην
436 2734 656 2823 αύτοκρύτορα
673 2732 839 2819 Ῥωμαίων
868 2741 922 2803 κατ’
943 2735 1099 2823 δεσπότην
1120 2733 1296 2825 ἀναγορεύ-

198 3024 286 3091 tibus,
320 3027 365 3096 qni
383 3026 433 3078 inm
453 3034 632 3092 occupaverat
656 3026 736 3078 litora
753 3028 883 3078 maritime
909 3035 936 3078 et
954 3042 1022 3095 qnae
1041 3027 1073 3078 nd
1091 3025 1295 3094 Hellespontum

198 3099 250 3148 nita
267 3106 337 3150 nont.
381 3099 427 3150 ned
449 3099 527 3149 etiem
547 3097 654 3148 Latinus
672 3095 798 3148 Ruseliun
826 3099 921 3149 mirone
947 3099 1042 3148 iterum
1069 3104 1160 3147 contre
1186 3097 1295 3150 lintrem

196 3168 326 3235 Bryennii
345 3185 430 3239 noque
443 3168 474 3220 ed
489 3167 644 3219 llernelenm
658 3166 785 3217 Thraciae
801 3167 859 3217 eine
877 3167 983 3233 proelio
1003 3182 1061 3217 eum
1080 3164 1208 3218 militibus
1226 3168 1295 3220 reli.

200 3247 259 3292 etun
279 3249 343 3304 erne,
363 3249 389 3292 et
407 3240 499 3292 urbem
519 3239 586 3290 hene
615 3238 775 3305 praesidinm
793 3238 835 3289 nui
854 3238 988 3290 exercituo
1008 3234 1294 3301 iecit,'eonoervonti.

196 3311 245 3364 bno
264 3311 384 3363 omnibus
404 3321 431 3363 et
447 3308 671 3381 prosequentibus
689 3309 844 3361 Botnnintne
863 3316 982 3377 tropaea.

294 3409 334 3462 Ex
353 3425 385 3462 eo
403 3416 490 3461 eutem
510 3417 629 3475 tempore
648 3422 677 3458 oe
701 3407 811 3474 perabat
833 3423 881 3459 rex
900 3407 1000 3476 (iprum
1027 3405 1088 3458 dieo
1107 3419 1122 3456 n
1141 3404 1192 3456 dee
1212 3419 1294 3472 prne.

198 3478 280 3532 latoni
297 3481 490 3549 Botrnintem),
509 3489 538 3531 ut
556 3479 716 3546 procederet
738 3479 830 3531 urbem
849 3478 956 3532 Ilioneo.
1002 3491 1098 3544 magne
1116 3484 1203 3528 nutem
1222 3476 1294 3528 mol.

197 3551 281 3603 titudo
301 3552 413 3604 nliluene
434 3568 449 3602 e
468 3566 562 3619 magna
581 3550 647 3603 urbo
665 3550 697 3603 nd
723 3566 781 3602 enm
806 3550 932 3603 veniebat
954 3558 981 3603 et
998 3546 1155 3601 servabatur
1174 3546 1293 3598 01an-

196 3624 246 3687 ein,
266 3626 311 3692 qui
332 3623 393 3675 loen
411 3638 427 3675 n
444 3624 510 3674 meri
528 3639 613 3691 neque
639 3622 671 3674 ad
688 3620 812 3674 Ilioneum
837 3620 970 3674 tenebunt.
1008 3634 1067 3672 cunr
1086 3618 1156 3669 eninr
1174 3617 1293 3669 interro.

196 3701 290 3762 genten
311 3709 357 3747 eon
376 3696 408 3747 nd
427 3709 518 3761 regem
540 3695 634 3746 venire
652 3693 771 3744 studiose
790 3689 984 3759 intelligerent,
1009 3691 1096 3742 ntntirn
1116 3688 1165 3742 lion
1184 3697 1213 3742 ut
1231 3687 1293 3740 col-

196 3765 271 3834 tegas
290 3769 428 3820 territatio
454 3774 482 3816 et
501 3766 659 3816 coniunctos
677 3764 710 3814 nr
734 3764 785 3814 iter
802 3760 940 3813 mittebnnt
964 3762 1089 3814 celerino.
1126 3776 1185 3813 oum
1204 3767 1292 3812 nutem

195 3838 254 3889 dieo
271 3837 394 3889 nonnulli
422 3837 642 3905 praeteriissent,
660 3849 714 3885 non
732 3833 794 3884 tulit
811 3832 972 3885 desiderium
989 3833 1066 3885 bentn
1092 3841 1119 3885 et
1136 3832 1292 3901 pneoident

195 3907 294 3958 orienti
313 3908 376 3959 uror
405 3916 432 3959 et
452 3906 563 3959 ‘servilio
584 3907 683 3957 omorio
705 3905 808 3969 eopinm
823 3911 850 3954 et
868 3912 930 3955 ente
949 3904 1039 3957 urbem
1058 3905 1153 3957 tedere
1180 3907 1208 3957 in
1229 3911 1292 3954 ten-

196 3977 273 4026 toriis
292 3976 366 4027 illino
385 3986 597 4046 propugnatores
617 3985 644 4028 et
661 3977 743 4028 ducet
762 3976 789 4025 in
813 3990 879 4042 poce
898 3984 925 4026 et
943 3978 999 4027 otio
1018 3990 1099 4045 aegre
1118 3978 1209 4029 ierent
1227 3988 1291 4041 ptr-

196 4054 252 4097 tnm
271 4045 417 4098 veluntatis
437 4049 548 4113 edebat,
569 4056 595 4099 et
614 4046 746 4099 communi
772 4047 899 4115 suffragio
919 4062 1009 4100 ornner
1037 4049 1064 4098 in
1083 4063 1115 4099 en
1133 4046 1292 4099 Botnninten

197 4118 384 4184 imperatorem
394 4118 569 4172 Romanorum
582 4128 609 4170 et
627 4119 760 4170 dominum
778 4120 931 4171 renuntient
948 4135 1007 4171 enm
1017 4119 1100 4170 multo
1119 4126 1146 4169 et
1163 4117 1291 4168 indomito

197 4198 332 4243 conventu
350 4197 377 4240 et
395 4189 527 4254 clamore,
547 4206 606 4242 curn
624 4191 702 4243 modo
722 4189 817 4242 ieotnrn
837 4191 966 4243 adventur
985 4188 1123 4258 evangelii
1139 4189 1230 4239 mettin
1247 4187 1292 4238 ret

196 4262 321 4331 intonet,
341 4268 368 4316 et
385 4268 517 4316 venerunt
537 4276 630 4317 omnen
647 4264 676 4316 in
694 4276 833 4317 commune
862 4271 890 4315 et
906 4264 1047 4317 maximnm
1064 4260 1109 4315 dei
1126 4259 1287 4316 eerlilleien:
