3150 4986
591 232 800 302 moronti.
996 266 1002 271 ·
1170 218 1245 301 iili?

132 404 180 471 τά
201 405 261 489 τῆς
282 407 448 486 βασιλείας
476 402 672 490 παράσημα,
703 402 736 469 οἳ
753 427 788 470 τε
816 409 908 470 ἵπποι
935 403 1018 487 μετά
1039 410 1103 472 τεόν
1121 403 1247 494 δίφρων

134 509 200 572 καί
216 503 255 570 τά
278 503 403 589 ἐρυθρά
428 503 483 568 καί
501 506 649 586 βασιλεια
679 510 803 573 πέδιλα.
856 509 911 571 καί
926 504 1248 595 ’κατασφαλισάμενος

107 686 112 693 ἱ
135 605 264 682 πάντας
285 599 391 689 ὅρκοις
412 607 466 669 καί
487 607 663 689 συνθήκαις
686 616 839 690 συχναῖς,
860 607 904 691 μῆ
929 601 969 672 άν
992 609 1150 694 ἀθετῆσαι
1173 609 1248 673 τοῦ-

135 729 196 772 τον
224 699 305 792 ἀχρι
336 703 392 769 καί
412 709 597 781 τελευταίας
625 710 739 793 πνοῆς,
771 703 856 772 οότω
886 706 944 791 τῆν
975 704 1156 789 άλουργίθα
1182 711 1250 788 μετ’

107 802 307 892 [όεάφρμίας
340 807 396 870 καί
416 806 611 891 δορυφορίας
639 804 811 893 ἀπειλῆφει
833 812 959 893 πολλῆς,
980 806 1035 871 καί
1053 805 1128 883 τοός
1150 803 1250 882 πόδας

137 917 209 984 τοῖς
233 909 385 992 ἀρυθροϊς
405 909 608 989 μεταμείψας
629 910 770 983 πεδιλοις
790 907 847 974 καί
861 910 906 984 εἷς
925 910 1109 993 αάτυβαφός
1129 908 1251 972 ἀπανα-

139 1006 206 1091 βάς
233 998 341 1092 όχημα
369 1007 450 1088 μετά
477 1009 594 1089 πολλῆς
621 1011 799 1091 ἀγερωχίας
824 1013 880 1073 καί
900 1009 1175 1096 ’φρονῆματισμοό
1197 1009 1253 1071 καί

140 1112 203 1191 τῆς
225 1110 282 1173 τοῦ
311 1107 449 1192 στρατοῦ
478 1109 554 1192 βοῆς
586 1111 640 1172 καί
659 1109 740 1191 ἠχῆς
772 1110 818 1183 είς
847 1103 1111 1192 Ἀδριανοόπολιν
1139 1099 1250 1197 ᾤχετο,

141 1202 220 1291 άρτι
240 1210 298 1274 τοῦ
332 1210 504 1291 νοεμβρίου
531 1207 631 1293 μηνός
665 1211 869 1297 ἐπιστάντος,
901 1205 953 1276 ότι
976 1206 1122 1295 κατηφῆς
1145 1203 1162 1270 ό
1187 1205 1249 1291 ἀῆρ

92 1311 180 1375 cote
203 1309 258 1391 τῆς
278 1311 336 1372 τοῦ
356 1307 498 1391 μεγάλου
522 1315 690 1395 φωστῆρος
713 1310 957 1396 όποχωρῆσεως,
979 1310 1059 1396 πρός
1080 1309 1114 1375 τό
1135 1329 1254 1390 ταυρε-

141 1409 201 1473 xor
224 1406 340 1488 ζοόδιυν
355 1402 512 1490 ἀπιόντος,
535 1409 591 1473 καί
610 1410 742 1495 στυγνός
764 1419 1006 1498 καταφαίνεται.
1050 1406 1252 1494 αἰχμάλωτος
1299 1412 1302 1423 ’

140 1510 181 1573 δὲ
203 1508 376 1592 τηνικαῦτα
397 1508 532 1594 ληφθείς
556 1504 572 1570 ό
601 1511 756 1595 πρόεδρος
776 1514 1015 1587 Κωνοταντῖνος
1044 1508 1060 1577 ό
1084 1510 1252 1591 Θεοδωρο-
1330 1512 1336 1521 ’

142 1605 251 1689 κάνος,
273 1606 356 1690 ἀνῆρ
387 1607 509 1688 ἔνδοξος
543 1610 599 1675 καί
626 1614 736 1695 γόνους
767 1615 975 1697 ίπιοημότφτι
996 1615 1052 1677 καί
1072 1613 1145 1694 βίου
1169 1615 1253 1692 λαμ·

142 1707 280 1794 τιρότῆτι
299 1708 483 1795 καταφονῆς
502 1710 820 1796 κατοχινωσκόμενος,
843 1710 880 1778 οό
904 1712 1006 1790 καλαῖς
1024 1717 1084 1795 μίν
1105 1711 1180 1777 οόδδ
1201 1711 1254 1775 δι·-

95 1813 245 1886 15καίως
263 1814 340 1892 παρ’
364 1810 467 1874 αάτοά
484 1815 687 1898 προσεδίχθῆ
709 1814 764 1878 καί
784 1813 829 1890 ἀς
849 1809 895 1891 εἷς
916 1817 978 1881 τάν
1000 1817 1118 1899 ἀχενιόν
1139 1832 1255 1895 νεαρω-

142 1909 246 1994 ράθη,
268 1909 305 1973 οά
328 1908 393 1994 μῆν
415 1912 450 1976 δὲ
464 1910 647 1997 σωματικὴν
665 1919 823 1996 τιμωρίαν
843 1914 978 2001 όπίοτῆ,
1001 1917 1155 1999 καίτοιγε
1175 1908 1254 1980 καό-

141 2034 201 2094 την
223 2007 411 2076 όποατεόονν
430 2011 484 2078 διά
506 2017 767 2099 προῆγῆσαμένας
787 2013 911 2098 ἔχθρας
933 2020 990 2081 καί
1015 2014 1124 2098 μάχας
1148 2032 1254 2101 κεφα-

143 2106 249 2185 λικάς.
295 2112 514 2196 φυχαδευθείς
545 2116 580 2179 δὲ
603 2115 683 2197 πρός
701 2138 772 2179 τινα
799 2117 861 2180 ταῖν
883 2118 1114 2180 Μακεδονικῶν
1133 2113 1282 2184 πόλεωνλ.
1298 2127 1351 2186 221
1360 2142 1386 2185 r.
1404 2120 1408 2125 “

144 2211 217 2291 μετ’
243 2212 283 2274 οά
305 2212 385 2276 πολὺ
404 2215 449 2301 τῷ
468 2214 576 2298 χροιάν
596 2212 854 2300 ἀλειτοόρχῆοιν·
897 2212 959 2281 εἴτε
979 2215 1105 2303 φυσικῷ
1122 2208 1251 2302 θανάτῳ

58 2332 65 2339 ·
95 2309 205 2376 νθεῖί
225 2310 259 2390 ἐξ
282 2316 451 2398 ἐπιβουλῆς
472 2318 693 2399 κερασθέντος,
718 2319 823 2393 ου’δείς
845 2319 984 2403 ἀκριβεῖς
1008 2318 1184 2381 curaverat.

245 2412 293 2501 ’βυ
318 2414 354 2476 δε
376 2418 421 2504 τῷ
440 2420 569 2496 μέλλειν
592 2417 755 2482 εἰσελάσαι
775 2416 832 2483 τόν
855 2420 1030 2504 Βρυίννιον
1051 2416 1097 2491 είς
1117 2414 1255 2500 Ἀδρια-

144 2510 299 2580 νοόπολιν
321 2515 408 2580 πᾶσα
428 2514 546 2598 σχεδόν
567 2515 586 2599 ἦ
608 2517 699 2591 πόλις
727 2516 785 2601 τῆν
811 2519 1053 2602 προεκκειμίνῆν
1074 2520 1257 2602 περίχωρον
1343 2601 1351 2608 ·

147 2611 378 2701 κατελάμβανε,
399 2615 455 2681 καί
473 2610 510 2701 ἧν
531 2614 567 2680 τό
583 2621 704 2702 πλῆθος
725 2617 875 2705 ἀγεληδόν
898 2620 1129 2702 διακεχυμένον
1149 2618 1194 2694 είς
1215 2611 1252 2680 τό
1347 2676 1352 2683 .

150 2895 233 2948 etiam
252 2894 329 2964 regni
346 2895 483 2965 insignia,
509 2899 571 2966 equi
599 2915 658 2951 cam
685 2916 763 2953 curru
784 2908 811 2952 et
827 2899 907 2953 rubra
924 2916 954 2952 re
976 2901 1055 2969 'aque
1079 2898 1207 2952 candala:
1230 2903 1259 2951 ct

149 2975 294 3036 postquam
312 2967 480 3019 confirmarit
494 2983 586 3021 omnes
605 2970 776 3023 iureiurando
791 2980 818 3022 et
837 2970 954 3037 pactioni
992 2969 1120 3034 amaltia,
1138 2984 1174 3021 αε
1192 2978 1259 3037 ρευ-

150 3040 249 3091 derent
261 3053 320 3089 eum
332 3053 417 3108 neque
433 3039 466 3090 ad
480 3040 600 3091 ultimum
616 3043 746 3107 spiritum,
765 3043 805 3093 aie
823 3054 964 3107 purpuram
984 3054 1042 3090 cum
1054 3039 1217 3090 salutatione
1232 3046 1260 3090 ot

151 3112 281 3162 comitatu
301 3111 406 3177 accepit
423 3110 517 3175 multo,
537 3119 564 3162 et
580 3111 662 3177 pedes
676 3111 763 3163 rubria
781 3111 946 3178 distinguens
965 3108 1082 3161 aaudaiia
1102 3116 1130 3160 et
1148 3109 1259 3160 tinctum

149 3182 302 3235 accendens
314 3197 418 3233 currum
432 3198 490 3233 cum
505 3182 587 3234 multa
598 3180 724 3248 snperbia
738 3190 765 3233 et
777 3182 929 3250 arrogantia
943 3187 971 3232 et
986 3181 1120 3232 exercituo
1139 3177 1258 3230 clamore

153 3261 182 3305 et
211 3252 405 3304 exclamatione
422 3253 616 3321 Adrianopolin
642 3253 779 3320 proiectus
805 3261 860 3318 eat,
889 3268 947 3305 cum
975 3251 1087 3303 maxime
1105 3244 1259 3304 November

152 3325 255 3375 mencio
278 3325 403 3390 iactaret,
429 3325 535 3393 quando
558 3340 653 3377 caecae
679 3340 725 3377 aer
751 3333 860 3394 propter
884 3339 1018 3376 recemum
1042 3323 1130 3391 magni
1150 3320 1259 3373 luminis

152 3397 188 3447 ad
205 3396 275 3447 tauri
304 3396 409 3463 rignum
437 3396 560 3449 abeuntia
589 3407 616 3449 et
640 3397 768 3450 obscurae
798 3404 918 3465 apparet.
955 3395 1077 3463 captivus
1097 3402 1184 3445 natam
1204 3398 1260 3443 tam

153 3468 242 3519 iactae
259 3482 369 3534 ρετινετ
380 3466 569 3521 constantinae
580 3468 811 3535 Theodorocanaa,
833 3470 875 3521 vir
888 3468 975 3519 clarus
990 3474 1017 3518 et
1034 3466 1144 3532 generis
1163 3461 1259 3531 apien-

154 3539 222 3610 dore
241 3545 269 3589 et
286 3539 358 3590 vitae
378 3538 501 3591 claritate
520 3539 634 3592 iliuatrie
653 3549 798 3608 apeetatua‚
817 3554 870 3591 non
883 3536 995 3605 pulchre
1014 3535 1119 3605 quidem
1140 3541 1167 3586 et
1187 3530 1259 3585 iuate

154 3610 188 3661 ab
209 3600 390 3675 oo'exceptue
407 3618 448 3661 eat
466 3618 493 3662 et
511 3626 579 3663 unua
599 3627 632 3662 cr
652 3611 816 3681 ignobilibus
836 3618 877 3661 eat
894 3608 1051 3676 neglectus,
1069 3606 1118 3657 aed
1137 3605 1259 3673 corporis

153 3695 269 3749 poenam
288 3681 460 3745 consumit,
487 3682 553 3734 licet
573 3681 640 3733 hanc
665 3685 815 3750 auspicatus
840 3688 949 3747 propter
971 3680 1075 3746 priores
1106 3676 1259 3730 inimicitiae

154 3761 182 3804 et
203 3768 307 3821 pugnae
326 3751 470 3820 capitales,
498 3752 625 3820 expulsae
651 3762 738 3805 autem
763 3753 796 3804 ad
821 3752 948 3820 quandam
974 3750 1146 3803 Macedonum
1165 3748 1259 3799 urbem

153 3838 209 3876 non
228 3824 311 3875 multo
335 3832 396 3890 poet
421 3825 609 3875 necessitatem
636 3826 778 3886 sustinuit,
803 3838 871 3890 qnae
902 3837 964 3873 num
984 3828 1069 3872 morte
1087 3818 1203 3872 naturali
1222 3831 1255 3871 un

153 3894 260 3947 ineidiie
281 3896 306 3946 ei
326 3903 418 3961 parata
438 3895 528 3958 fuerit,
551 3911 629 3946 nemo
649 3904 723 3947 certo
745 3895 805 3946 ecit.

255 3990 321 4046 oum
339 4000 426 4043 autem
438 3994 609 4061 ingressurus
625 4000 696 4044 eaaot
710 3992 861 4058 Brycnniua
873 3989 1076 4058 Adrianopoiin,
1096 3990 1182 4040 omnia
1201 3984 1259 4036 iere

76 4086 83 4095 ·
151 4063 217 4117 urba
242 4071 388 4116 enatantem
417 4065 581 4117 vicinitatem
614 4064 737 4132 excepit:
762 4070 843 4133 atque
877 4070 933 4116 crat
958 4062 1098 4115 multitudo
1125 4055 1258 4127 gregatim

153 4136 241 4188 ennae
259 4148 308 4202 per
326 4150 460 4205 campum,
486 4148 608 4205 pompam
627 4135 684 4189 eiua
710 4134 856 4205 excipient.
903 4128 1062 4188 ubi'autent
1081 4130 1261 4198 apparuerant
