3182 4986
354 332 401 405 td
640 334 861 406 utcntms
876 334 1152 406 'ussutondis

413 497 568 584 Ἐπόθησε
583 500 619 565 δὲ
630 503 692 564 τῶν
704 491 808 564 lutee
823 497 971 565 ἁπάντων
991 494 1171 582 όβασιλεός
1192 495 1337 567 ἔπόνιεινα
1354 499 1414 586 τήν
1425 526 1459 569 τι
1557 566 1558 582 ,

352 607 416 669 τῶν
427 604 587 687 δημοσίων
597 599 772 686 χρημάτων
787 599 961 685 ἐπαύξησιν
974 603 1028 665 καί
1039 603 1100 665 τῶν
1112 600 1282 669 ἰδιωτικῶν
1292 604 1390 668 δικῶν
1400 602 1460 687 την

353 703 508 786 άκρόασιν
521 698 577 765 κατ’
588 699 711 777 τοότοις
723 699 780 785 την
792 701 924 784 μείζονα
937 702 1094 786 φροντίδα
1109 705 1277 767 κατεκόνου
1293 704 1350 787 τῆς
1361 707 1460 784 βασι-

352 806 450 880 λείας,
475 802 539 868 τῶν
560 795 665 867 ditus
684 794 778 885 ἧτταν
795 805 969 883 βασιλικῶν
985 800 1194 885 ἀντεχόμενος
1206 855 1214 886 ,
1226 804 1461 887 στρατιωτικῶν

352 905 438 992 φημὶ
449 906 505 967 κατ’
517 903 734 987 στρατηγικῶν
753 899 1031 986 πλεονεκτημάτων
1049 904 1104 966 κατ’
1117 900 1172 986 τῆς
1194 903 1343 967 ἐντεῦθεν
1362 901 1483 967 εόδα.5
1558 952 1559 999 l

352 1005 432 1084 ξίας,
453 1010 519 1078 τοῖς
540 1003 715 1087 εἰρημένοις
736 1006 905 1075 πολιτικοῖς
920 1003 1100 1082 εὐδοκιμεῖν
1119 999 1380 1085 προαιρούμενος.
1402 1002 1459 1067 διό

352 1101 391 1189 δη
403 1107 506 1170 ταῦτα
517 1105 827 1188 κατ’,συκαφαντικαῖς
848 1103 1009 1185 δπηρειάις
1024 1105 1081 1167 κατ’
1092 1109 1294 1187 σοφιστικαῖς
1308 1102 1460 1183 μεθόδοις

352 1202 409 1269 καί
431 1201 599 1268 δικανικῶν
620 1199 853 1285 προβλημάτων
874 1203 962 1288 ίσμηῖ
993 1203 1048 1265 κατ’
1067 1202 1254 1283 σεκρετικῶν
1273 1203 1462 1286 ζητημάτων

331 1386 335 1391 ,
353 1305 537 1378 ἐπιπλοκαῖς
549 1299 586 1368 τό
599 1296 781 1383 Ῥωμαϊκόν
793 1297 964 1382 ἐκλονεῖτα,
976 1305 1030 1366 καί
1048 1297 1134 1384 καινη
1150 1303 1263 1384 μελέτη
1277 1310 1342 1378 ταῖς
1356 1294 1460 1367 danes
1559 1338 1560 1393 η

353 1401 389 1469 τό
408 1403 612 1486 κατορθῶσαι
644 1401 831 1466 τὰτοιαῦτα
855 1402 984 1485 ἐγίνετο,
1013 1399 1058 1477 ῶς
1079 1401 1134 1465 καί
1156 1401 1275 1476 adroic
1295 1396 1500 1487 στρατιά-10

353 1527 409 1579 τας
430 1506 621 1585 μεταβαλεῖν
653 1506 708 1565 καί
726 1506 924 1582 μεταμαθεῖν
956 1497 994 1567 τά
1020 1501 1102 1584 πρός
1121 1500 1181 1583 την
1197 1499 1317 1566 τοότων
1336 1503 1458 1583 γνῶσιν

354 1604 546 1688 παράγοντα.
599 1602 656 1668 κατ’
675 1605 732 1667 τοῦ
752 1602 911 1682 βασιλέως
924 1603 1123 1687 ,εόπροσότσυ
1148 1605 1204 1667 καί
1223 1600 1459 1685 μετριόφρανος

355 1696 444 1788 ὄντας
483 1694 550 1766 καῖ’
572 1694 664 1786 ἧττον
692 1706 768 1787 περὶ
796 1701 831 1767 τό
856 1707 951 1784 σῶμα
985 1708 1170 1769 κολαστικοδ
1192 1704 1246 1767 καί
1266 1697 1306 1766 τά
1328 1704 1403 1786 περί
1424 1700 1460 1767 τό

216 1801 443 1868 metemur
464 1801 608 1884 εὐσεβεῖν
638 1804 804 1878 δοκοῦντος
832 1803 877 1895 ῶς
903 1805 1043 1884 μάλιστα
1074 1801 1277 1888 φιλαπτῶχαυ
1308 1824 1341 1867 τε
1372 1806 1459 1884 πέρα

352 1905 409 1968 τοῦ
422 1903 550 1986 ’δέοντας
583 1903 638 1967 καί
663 1905 885 1988 φιλομονόχου
915 1906 1165 1988 καθισταμίναυ,
1191 1902 1247 1966 καί
1269 1904 1500 1987 decerequod-td

356 2026 414 2071 νου
435 2002 509 2087 περὶ
528 2000 568 2068 τά
592 2000 675 2089 ἱερά,
696 2003 713 2089 ἦ
737 2001 817 2088 πρός
830 2004 868 2070 τά
886 2009 1041 2088 λεχθέντα
1055 2005 1146 2087 ἕτερα
1161 2001 1321 2089 κεφάλαια
1341 1996 1458 2068 εὔνοια

353 2105 410 2190 τήν
441 2107 505 2170 τῶν
531 2104 681 2170 τοιαότων
711 2107 960 2189 προτερημάτων
992 2099 1151 2190 ἤμβλυνεν
1179 2105 1378 2186 ἐπιμέλειαν,
1400 2106 1463 2169 κατ’
1561 2112 1562 2179 l

353 2201 433 2270 κατά
449 2204 658 2291 σφάςμότάς
680 2206 775 2290 duem·
799 2208 854 2270 καί
873 2207 966 2271 κακία
989 2210 1063 2290 περὶ
1082 2205 1118 2268 τό
1143 2203 1220 2269 αότό
1247 2204 1460 2285 ὑποκείμενον
1561 2226 1562 2229 ’

351 2308 526 2390 μονονουχὶ
546 2308 744 2386 ἐστασίαζον.
768 2308 855 2372 ἐνίκα
878 2306 1021 2389 δὲπαρά
1045 2305 1163 2383 πολλάς
1184 2307 1315 2391 ψηφους
1332 2302 1367 2367 τό
1393 2305 1462 2369 δυ-

352 2408 486 2494 ona-ide,
501 2401 565 2496 όσηι
586 2414 641 2474 κατ’
657 2413 775 2474 πλείονι
790 2409 900 2492 μερίδι
918 2406 1094 2499 δφὴπλωτο.
1116 2407 1151 2473 τό
1168 2403 1229 2489 γάρ
1251 2406 1379 2486 εόαεβλς
1402 2407 1465 2470 κατ’
1470 2417 1505 2473 20

351 2509 385 2574 τό
410 2504 611 2596 φιλόπτωχον
632 2505 701 2591 όμα
722 2509 777 2574 καί
797 2502 1084 2593 φιλαμόναχοίκαό
1098 2507 1132 2575 τό
1151 2506 1195 2592 μή
1221 2504 1301 2591 πρός
1321 2510 1459 2572 κόλασιν

353 2609 395 2670 δι’
417 2606 550 2688 πόματος
582 2612 729 2694 ἕτοιμον,
758 2613 814 2675 καί
832 2607 911 2675 αότό
952 2606 987 2673 τό
1008 2607 1211 2695 εόπρόσιταν,
1232 2610 1370 2675 ἐπαίνων
1395 2610 1462 2688 μὲν

354 2705 459 2784 oldut<
484 2700 523 2792 ἢν
543 2706 560 2774 ό
577 2708 622 2793 μῆ
650 2712 756 2792 α’ξιῶν,
780 2709 861 2795 πλην
883 2707 964 2775 άλλά
999 2713 1043 2798 τῷ
1065 2707 1170 2793 ἔχοντι
1191 2708 1276 2798 μόνην
1296 2706 1353 2794 τὴν
1373 2700 1460 2793 όνη-

425 2830 452 2897 λ.
473 2861 562 2911 ητταν
581 2843 611 2899 0.
722 2898 726 2907 ,

454 2962 563 3032 cipiet
590 2972 679 3017 autem
703 2971 810 3033 praeter
833 2974 924 3020 cetera
948 2967 1036 3020 omnia
1053 2982 1102 3020 rex
1126 2974 1154 3020 et
1175 2966 1340 3036 publicarum
1363 2980 1462 3019 rerum

354 3036 526 3088 neeesionem
544 3044 571 3087 et
590 3036 751 3102 privatarum
766 3040 899 3091 actionum
916 3040 1091 3094 auditionem:
1113 3039 1199 3091 ethis
1218 3040 1344 3091 maiorem
1363 3054 1461 3090 eumne

354 3106 529 3160 exhauriebat
546 3109 661 3177 imperii,
680 3108 741 3161 aliis
761 3111 878 3178 negotiis
903 3111 986 3178 regiis
1004 3111 1090 3162 miuus
1117 3111 1231 3174 deditus,
1250 3109 1375 3162 militaria
1392 3109 1462 3162 dieo

354 3188 381 3232 et
400 3180 570 3249 imperatoris
592 3181 738 3244 commoda,
759 3190 786 3232 et
804 3182 915 3247 proinde
933 3182 1062 3249 capienda
1077 3182 1165 3248 gloria
1183 3182 1395 3233 commemoratis
1414 3184 1464 3233 ci.

354 3250 454 3305 vilibus
471 3250 551 3304 rebus
576 3259 605 3302 ut
629 3251 728 3304 nobilis
752 3253 830 3305 fleret
855 3254 938 3321 magis
959 3261 1062 3319 optans.
1109 3261 1251 3323 propterea
1269 3254 1352 3321 igitur
1371 3266 1464 3317 syce.

354 3322 487 3390 plaudete
506 3323 584 3374 minis
604 3332 631 3374 et
649 3322 827 3389 sophistarum
846 3324 929 3375 instar
948 3324 1025 3375 laetis
1043 3326 1163 3377 artificiis
1182 3332 1209 3375 et
1228 3323 1312 3376 litium
1331 3323 1465 3375 multitia-

296 3406 304 3417 *
355 3393 417 3445 dine
436 3402 463 3446 et
480 3403 644 3446 secretorum
664 3396 848 3462 quaestionum
877 3395 1102 3462 implicationibus
1124 3396 1241 3448 Graecus
1260 3392 1375 3462 populus
1393 3396 1466 3462 agi.

342 3464 458 3518 labatur
484 3473 511 3517 et
539 3481 678 3517 commuue
709 3466 823 3517 studium
849 3467 970 3519 omnibus
995 3468 1146 3535 corrigendi
1172 3465 1235 3517 talia
1263 3466 1409 3528 oriebatur,
1432 3476 1467 3518 nt

355 3538 434 3589 etism
454 3537 527 3604 ipsos
544 3536 644 3588 milites
663 3547 692 3590 ut
706 3544 838 3588 mutarent
859 3546 886 3589 et
913 3537 992 3590 aliter
1010 3539 1144 3590 discerent
1162 3537 1255 3589 luorum
1275 3536 1466 3605 cognitionem

354 3610 494 3661 adducunt.
515 3607 549 3660 Et
566 3624 678 3681 cumrex
696 3607 783 3660 iacilis
797 3616 868 3659 esset
882 3609 1052 3663 elmodestus
1071 3619 1097 3661 et
1114 3610 1200 3660 minus
1212 3623 1308 3676 corpus
1323 3608 1468 3675 mitigare

355 3688 381 3730 et
400 3695 463 3747 erga
479 3679 569 3730 divina
583 3682 642 3748 pius
654 3682 790 3733 videretur
803 3695 881 3746 quam
890 3682 1004 3731 maxime
1015 3691 1041 3732 et
1052 3696 1196 3749 pauperum
1214 3694 1303 3731 amans
1313 3694 1391 3745 supra
1405 3695 1468 3729 ne.

354 3752 505 3801 cessitatem
526 3759 553 3801 et
573 3753 763 3804 monachorum
782 3759 854 3802 esset
873 3760 899 3803 et
923 3754 1028 3804 timidus
1051 3754 1122 3804 cirea
1151 3766 1245 3815 saera,
1264 3749 1468 3802 benevolentia

355 3821 382 3871 iu
401 3824 613 3874 commemoratis
638 3824 699 3875 uliia
717 3823 883 3892 gravissimis
913 3823 992 3875 rebus
1019 3825 1076 3875 viss
1100 3822 1191 3875 talium
1221 3823 1348 3874 virtutum
1367 3836 1468 3872 euram

356 3888 523 3954 debilitabat,
543 3900 570 3941 et
589 3909 615 3944 ru
631 3910 663 3944 ns
682 3911 747 3961 ipsis
766 3895 851 3946 virtus
871 3902 898 3945 et
918 3895 1011 3947 vitium
1024 3897 1094 3946 circa
1114 3895 1182 3945 idem
1202 3892 1351 3944 subiectum
1369 3906 1469 3958 paene

356 3960 484 4013 seditiosa
505 3970 588 4012 eraut.
626 3965 878 4030 reportabetautem
899 3966 1037 4017 victoriam
1059 3964 1148 4017 multis
1170 3965 1310 4017 sententiis
1330 3963 1472 4029 indigna.

355 4034 403 4094 tio,
426 4044 478 4097 quo
499 4032 577 4082 etiam
596 4035 696 4085 maiore
713 4043 788 4101 parte
814 4035 950 4105 divulgata
969 4045 1034 4088 eret.
1082 4036 1151 4103 quod
1173 4036 1242 4087 euim
1263 4037 1321 4101 pius
1349 4043 1410 4091 erat
1440 4047 1474 4088 et

356 4116 502 4172 pauperum
521 4101 599 4152 simul
620 4112 646 4153 et
667 4105 853 4157 monachorum
866 4124 955 4159 alueus
970 4108 1103 4175 nequead
1123 4106 1304 4173 eastiguudum
1326 4109 1474 4172 sanguine

358 4181 496 4243 promptus
516 4180 543 4223 et
561 4172 675 4226 ullabilis
695 4183 776 4237 esset,
806 4177 871 4229 baec
896 4194 974 4230 uenio
995 4188 1069 4243 erut,
1090 4182 1154 4248 quin
1174 4176 1295 4230 laudibus
1314 4178 1474 4245 dignum

356 4246 486 4300 νεόλεκτα
507 4246 532 4297 ei
551 4245 620 4309 soli,
650 4247 695 4315 qui
723 4262 755 4298 ea
783 4245 906 4314 haberet,
937 4252 1079 4304 utilitatem
1106 4252 1202 4303 alierre
1226 4247 1405 4311 iudioabant,
1443 4260 1477 4304 et
