3150 4986
557 256 764 327 ιιιειοιιιι.
1146 260 1217 333 rou
1294 204 1297 209 ⁴

113 446 202 499 στοις
223 418 365 507 έβάδιζε,
387 425 445 489 καί
463 423 500 490 τά
525 425 612 507 βέμα
625 429 691 491 τῶν
705 422 925 511 Ἀρμενιακῶν
946 430 1136 514 κοταλαβῶν
1154 440 1220 510 τοῖς

114 527 285 608 προτέροις
314 525 417 590 αύτού
441 523 591 609 κάστροις
613 530 667 593 καί
693 522 790 604 αύθις
813 530 1018 616 άποκατέστη,
1041 530 1097 595 καί
1117 527 1221 609 ούτως

114 622 277 708 ἐκδρομὰς
297 627 376 711 κατά
401 628 464 692 τῶν
491 628 638 710 Τούρκων
653 624 841 709 ποιούμενος
861 630 1005 713 άπεῖρξεν
1025 631 1142 707 αύτούς
1163 636 1221 698 τού

115 726 164 815 τῷ
185 723 317 813 τοιούτφ
349 729 465 807 dripere
493 728 704 811 προσβάλλειν
735 732 790 795 καί
817 735 996 811 πολεμικοῖς
1022 730 1223 815 περιβάλλειν

87 829 236 901 δκακέίς.
259 824 277 887 ὑ
298 828 333 890 δέ
350 828 502 909 βασιλεύς
517 832 718 912 θυμομαχῶν
731 834 801 894 κατ’
815 828 917 894 αὑτοῦ
937 833 970 909 ἐξ
985 830 1142 915 ὑποβολῆς
1162 836 1221 896 τοὺ

115 927 353 1009 προρρηθέντος
385 925 541 1010 εύνούχοο
568 932 626 993 τού
655 929 863 1015 Νικηφόρον,
900 939 1069 1017 προῃρεῖτο
1097 932 1235 1010 μᾶλλον

115 1021 195 1100 τούς
226 1023 386 1106 Τούρκοος
417 1027 457 1091 τά
484 1025 656 1110 Ῥωμαίων
688 1027 773 1111 ἔχειν
800 1032 857 1103 καί
882 1023 969 1111 άγειν
999 1025 1170 1114 πράγματα
1196 1025 1219 1113 ἢ

115 1123 176 1187 τάν
204 1130 346 1191 Λατῖνον
374 1129 485 1194 τοῦτον
509 1131 544 1194 έν
572 1124 621 1194 ἔνι’
648 1127 734 1218 τόπῳ
762 1133 941 1214 χωρεῖσθαι
972 1132 1027 1193 καί
1049 1127 1219 1212 ’ἀπείργειν

114 1223 177 1300 τάς
198 1226 323 1290 ἐκείνων
345 1225 530 1311 ἐπιδρομάς.
573 1228 626 1294 διά
655 1235 746 1295 τοῦτο
775 1233 830 1295 κατ’
851 1232 969 1306 πολλάς
992 1225 1141 1314 μηχανάς
1162 1232 1219 1295 κατ’

68 1323 308 1408 ίοσατθὴματα
334 1329 390 1390 καί
423 1326 612 1411 ὑποσχέσεις
642 1335 708 1403 τοῖς
743 1325 894 1411 Ίούρκοις
920 1328 1016 1409 δούς,
1048 1331 1079 1393 εί
1106 1330 1217 1393 τοὺτον

114 1420 299 1505 ποιήσοιντο
327 1428 415 1515 αὑτῶ
434 1424 634 1512 ὑποχείριον,
662 1432 859 1506 ἐξαπέστειλε
887 1431 949 1494 τῶν
981 1430 1015 1492 ἐν
1044 1426 1220 1510 ὑπεροχαῖς

114 1521 309 1605 ῶξιωμάτων
336 1527 403 1606 ἕνα,
425 1525 624 1611 στρατιώτην
644 1531 704 1608 μὲν
728 1518 815 1608 ὄντα,
842 1531 911 1593 νέον
940 1530 976 1593 δέ
1004 1526 1060 1611 τὴν
1093 1524 1219 1609 ἡλικίαν
1320 1590 1323 1603 ,

115 1624 175 1688 καί
195 1626 379 1709 φρονήσεως
393 1628 449 1689 καί
469 1625 601 1710 άνδριάς
618 1625 746 1702 ούδενὸς
760 1628 945 1709 α’ποδέοντα,
965 1629 1102 1705 Ἀλέξων
1123 1626 1220 1711 πρόε-

116 1726 196 1808 δρον
219 1723 275 1788 τάν
298 1726 479 1809 Κομνιγνὸν·
531 1724 566 1802 ὃς
591 1725 624 1792 έν
641 1731 685 1814 τῷ
706 1720 797 1792 άστει
824 1730 880 1810 τῆς
901 1729 1070 1810 Ἀμασείας
1091 1726 1220 1811 γενύμε.

69 1842 103 1896 15
116 1846 173 1901 νος-
194 1820 382 1908 έιιαραδάκει
404 1824 438 1890 τά
461 1828 585 1905 μέλλον.
637 1824 653 1889 o‘
676 1828 711 1890 dl
729 1827 905 1904 Ῥοοσέλιος
932 1832 1042 1912 φιλιάς
1064 1830 1119 1890 καιΙ
1140 1849 1220 1890 συν-

113 1925 221 2009 θήκας
254 1922 335 2004 μετά
355 1927 414 1990 τοὺ
430 1929 496 1991 τῶν
523 1929 671 2011 Τούρκων
702 1924 888 2011 ἐξάρχοντος
913 1927 1138 2012 ποιησάμενος,
1157 1952 1220 1991 συ-

114 2028 217 2107 νῆλθε
238 2021 362 2100 τούτοις
384 2026 534 2103 πολλάκις
557 2029 752 2108 έψιλωμένος
775 2030 988 2111 στρατιωτῶν.
1046 2029 1080 2091 έν
1099 2031 1159 2115 μιᾷ
1183 2028 1221 2092 δέ

111 2121 305 2200 σύνδειπνος
333 2124 457 2200 τούτοις
485 2124 638 2211 ὑπάρχων
668 2124 841 2209 ἐπιβουλὴν
870 2125 991 2208 ὑπέστη
1023 2123 1146 2209 δεινήν·
1188 2122 1220 2190 οἱ

112 2223 180 2309 γάρ
207 2227 343 2308 Τούριιοι
361 2226 468 2290 πάσαν
491 2230 602 2312 φιλέειν
624 2223 826 2310 προδιδόντες
851 2222 1040 2310 χρημάτων,
1062 2227 1220 2307 κατέσχον

65 2339 102 2396 20
117 2322 223 2389 αύτύν
244 2323 300 2388 καί
319 2325 483 2411 δεσμῶτην
503 2328 689 2407 ὑπέδειξαν,
712 2329 919 2410 παράγγελμα
941 2324 1076 2406 νόμιμον
1097 2322 1221 2406 ἔχοντες

112 2423 150 2490 τύ
178 2422 252 2499 τούς
272 2425 449 2505 Ῥωμαίους
469 2428 595 2491 α’πατάν
623 2430 678 2491 καί
700 2426 850 2513 σφάττειν
880 2429 934 2491 καί
957 2426 1145 2510 προδιδόναι
1157 2422 1222 2509 »καί

112 2523 159 2608 μὴ
187 2524 327 2590 δεδιέναι
348 2519 451 2608 ὅρκον,
471 2521 546 2592 ὅσον
566 2527 600 2591 τά
623 2534 694 2592 κατ’
716 2527 842 2602 αύτούς.
866 2531 920 2593 καί
941 2521 959 2589 ὃ
978 2529 1037 2609 μέν
1058 2527 1222 2607 κατείχετο

114 2624 282 2710 δεσμώτης
303 2626 426 2712 αὑτοῖς,
446 2626 462 2694 ὅ
482 2630 517 2693 δὲ
540 2627 694 2713 πρόεδρος
721 2628 860 2707 Ἀλέξιος
887 2622 1142 2713 ἐπραγματεύετο
1164 2621 1223 2695 διά,

804 2738 810 2752 Ι

113 2930 250 2986 militibus
279 2939 306 2984 st
329 2945 413 2985 uxore
438 2939 467 2984 ct
483 2931 574 2985 liberis
600 2941 626 2985 et
644 2935 716 2998 suis,
740 2934 854 2987 mediam
877 2949 925 3001 per
949 2941 1045 2986 terram
1071 2931 1218 2999 intrepidus

114 3002 292 3071 procedebat,
313 3012 340 3055 et
358 3004 496 3071 provincia
515 3004 672 3057 Armeniaca
693 3012 801 3070 recepta
827 3005 916 3071 priora
935 3013 1021 3055 castra
1039 3017 1129 3055 rursus
1150 3002 1219 3054 reli.

113 3076 193 3143 quit:
214 3081 294 3142 atque
312 3077 351 3127 sic
370 3075 536 3127 incursiones
556 3082 648 3126 contra
666 3072 762 3126 lurcas
781 3074 882 3125 iaciens
902 3075 988 3125 arcuit
1007 3086 1065 3136 eus,
1083 3087 1118 3122 ne
1138 3071 1220 3123 talem

112 3145 286 3217 provinciam
305 3147 515 3214 aggrederentur
529 3154 555 3197 et
569 3144 677 3196 bellicis
696 3145 890 3196 circumdarent
904 3142 996 3194 malis:
1015 3143 1063 3194 sed
1081 3156 1129 3193 rex
1147 3155 1219 3207 pug-

111 3233 173 3273 nu
191 3224 284 3268 uonna
303 3233 362 3269 cnm
381 3218 495 3271 consilio
514 3226 591 3269 antea
611 3217 806 3268 commemorati
824 3213 969 3280 lticepbori
991 3212 1105 3263 malebat
1121 3210 1220 3262 'lureas

114 3291 282 3345 Graecorum
293 3297 399 3355 ,terram
417 3296 509 3344 tenere
527 3303 669 3355 rerumque
688 3288 768 3354 potiri
793 3301 870 3354 quam
888 3285 1008 3337 Latinum
1028 3283 1098 3334 hunc
1117 3284 1145 3333 iu
1164 3293 1218 3331 uno

113 3365 182 3416 loeo
201 3361 287 3426 recipi
307 3368 334 3412 et
352 3375 444 3411 arcere
462 3360 569 3412 illorum
586 3362 708 3426 impetus.
747 3364 888 3425 propterca
908 3358 986 3409 etiam
1005 3354 1087 3407 multa
1105 3352 1219 3406 artificia

114 3444 146 3488 ct
164 3439 244 3499 pacta
265 3440 290 3484 et
315 3433 444 3498 promissa
462 3431 553 3485 ‘lurcis
572 3432 662 3496 dedit,
687 3431 710 3483 si
738 3429 809 3482 hunc
834 3429 975 3493 reddercpt
993 3427 1044 3480 sibi
1063 3425 1218 3486 obnoxium,

113 3515 143 3557 et
163 3506 238 3555 misit
254 3503 409 3571 dignitatum
428 3504 598 3555 maximarum
609 3504 748 3572 quandam,
768 3502 879 3554 militem
889 3501 1004 3569 quidem,
1023 3500 1148 3549 iuuenem
1166 3509 1218 3547 au-

112 3587 175 3631 tem
192 3581 281 3626 aetate
296 3582 324 3626 et
338 3573 519 3641 intelligentia
532 3582 612 3643 atque
625 3575 780 3626 fortitudine
793 3574 899 3624 nemine
909 3570 1073 3632 inferiorem,
1092 3566 1218 3621 Alesiam

112 3650 284 3704 Gomnenrun
304 3645 467 3711 praesidem:
488 3648 533 3713 qui
553 3647 669 3715 quidem,
688 3642 972 3714 postquam'linrasiaru
992 3641 1082 3692 urbem
1100 3639 1218 3702 advenit,

111 3722 237 3773 lutrarum
257 3716 436 3783 exspectabat.
456 3715 582 3771 Ruselius
601 3726 689 3769 autem
708 3724 845 3784 postquam
858 3714 999 3766 amicitiem
1019 3719 1046 3763 et
1064 3720 1142 3780 pacta
1159 3725 1220 3762 cunr

76 3834 82 3843 .
110 3792 262 3845 turmam
288 3789 448 3854 imperatore
472 3790 573 3852 iunxit,
599 3805 680 3857 saepe
708 3789 783 3839 venit
807 3787 838 3838 ad
858 3785 925 3848 hos,
945 3783 1056 3836 nudatus
1076 3781 1218 3835 militibusa

111 3860 264 3929 aliquando
283 3868 371 3912 autem
396 3875 456 3913 curu
473 3860 541 3926 apud
568 3876 614 3911 eos
634 3860 787 3926 epularetur
806 3857 916 3908 insidias
945 3855 1027 3907 subiit
1044 3856 1130 3907 diras:
1150 3853 1217 3906 Tur.

111 3948 168 3985 cae
187 3933 274 3994 caim,
294 3931 338 3999 qui
358 3944 462 3982 omnem
481 3932 622 3983 amicitiam
642 3929 819 3996 prodidissent
837 3929 975 3995 pecuniis,
1004 3933 1134 3994 ceperunt
1159 3940 1218 3976 oum

111 4013 144 4057 et
166 4005 284 4053 vinctum
305 4001 484 4066 reddiderunt,
504 4002 651 4053 mandatum
676 4002 800 4052 usitatum
820 4000 958 4064 habentes,
986 4006 1015 4050 ut
1035 3998 1149 4051 Graecos
1168 3997 1219 4046 de-

1 4132 5 4137 ,
111 4079 244 4143 cipercnt
269 4081 297 4125 et
322 4074 484 4125 trucidarent
515 4081 541 4124 et
566 4073 708 4139 proderent
730 4086 819 4141 neque
846 4079 1004 4123 vererentur
1029 4066 1220 4129 iusiurandum,

110 4152 248 4217 quantum
267 4144 299 4204 ad
318 4157 365 4205 aas
384 4144 551 4217 pertinebatr
570 4151 649 4213 atquc
668 4142 712 4196 iric
730 4143 837 4212 quidem
854 4141 1019 4196 retinebatur
1038 4140 1157 4208 captiuus
1175 4135 1220 4203 iis,
