3182 4986
545 380 751 446 amnonis.
831 425 838 436 ,
1146 376 1216 450 109

102 533 150 606 οἷν
180 534 280 626 ῆρχεν
309 545 389 626 άνῆρ
425 544 618 628 δραοτῆριος
646 551 702 611 καί
727 553 814 631 γένος
847 548 958 632 αύχαῖν
986 546 1152 630 βασιλικόκ
1178 552 1212 613 ἐκ

101 644 286 723 Περσίδος,
317 641 451 729 όνόματι.
478 644 680 727 Ἀμερτικῆς,
703 646 868 730 μακρόθεν
900 641 1049 727 ἑπόμενοι
1067 650 1122 713 κατ’
1145 641 1211 716 οἷον

101 744 361 827 δορυφοροῦντες
383 738 497 827 ῆπρός
509 749 660 825 ἐπίδειξιν
682 752 930 830 περιτρέχοντες.
953 753 1028 831 περί
1049 751 1084 813 δὲ
1106 752 1213 833 δείλην

101 841 205 922 όψίσν
229 845 580 926 στρατοπεδευσάμενος
611 844 626 908 ὁ
650 847 804 928 βασιλεύς
833 848 894 931 πρό
925 852 984 912 τοῦ
1006 843 1212 933 Ἱεραπόλεως

76 936 216 1018 5οἰοτεος
236 939 359 1029 τάφρον
374 947 474 1010 ε’κεῖσε
493 946 548 1010 καί
561 946 689 1029 χάρακα
705 947 786 1013 κατά
810 946 846 1012 τό
866 950 1047 1029 εἰθισμένον
1065 942 1211 1032 ε’πῆξατο.

102 1037 196 1109 ούπω
227 1046 262 1107 δὲ
292 1043 349 1127 τῆν
378 1046 558 1130 άποσκτοῆν
592 1045 620 1113 οἱ
638 1047 792 1131 Ῥωμαῖοι
822 1053 959 1132 βεβαίως
990 1058 1057 1124 τοῖς
1081 1059 1211 1133 σκηναῖς

100 1143 308 1226 άποθίμενοι,
328 1147 405 1229 μηδ’
426 1145 666 1228 ἐγχρονίοαντες
689 1149 842 1231 ταύταις,
864 1142 934 1239 όσρι
956 1153 1013 1233 τῆς
1034 1148 1210 1236 ὑπηρεσίας

101 1245 250 1329 ὑπῆρχον
272 1244 326 1309 καί
347 1249 402 1328 τῆς
421 1251 484 1311 ταῖν
507 1248 681 1330 Ἀρμενίων
703 1249 889 1332 συντάξεως,
912 1247 995 1315 εύθύ
1011 1253 1068 1335 τῆς
1091 1245 1210 1327 πόλεως

102 1341 271 1431 ὥρμησαν.
315 1353 369 1413 καί
391 1351 517 1431 ἐπείπερ
539 1341 634 1434 εὗρον
668 1351 769 1434 αύτῆν
800 1352 840 1415 ού
861 1350 944 1416 πάνυ
966 1347 1020 1415 διά
1043 1355 1104 1416 ταῖν
1126 1348 1212 1425 ἐντός

63 1440 363 1532 Ιθάντιμαχομὲνην
399 1446 562 1534 (ἔφθησαν
591 1448 650 1532 γάρ
685 1447 715 1514 οἱ
748 1453 929 1539 Σαρακηνοί
960 1452 1002 1539 τά
1031 1448 1122 1540 φόβην
1155 1454 1211 1532 τῆς

103 1552 274 1631 βασιλικῆς
295 1550 464 1634 ἐπιδημίας
486 1553 664 1637 φαγαδείαν
683 1546 813 1616 ἑλέσθαι
835 1554 934 1633 πέραν
954 1557 1011 1617 τοῦ
1032 1552 1209 1638 Εύφράτοο

103 1653 291 1736 ποταμοῦ),
327 1648 409 1732 ταχύ
444 1649 634 1732 βιασάμενοι
657 1650 713 1728 τάς
741 1651 842 1728 πύλας
871 1649 958 1731 ἐντός
986 1652 1212 1737 εἰσεπήδησαν.

103 1748 161 1815 κατ’
178 1753 291 1815 σιτίων
319 1754 379 1831 μὲν
401 1754 457 1825 καί
487 1754 540 1834 τῆς
562 1745 659 1837 άλλης
687 1756 864 1840 διατροφῆς
891 1757 936 1828 εἰς
957 1753 1051 1839 κόρον
1071 1774 1212 1835 μετακο-

101 1849 201 1935 μιδῆν
230 1849 422 1937 ε’ποιῆσαντο
451 1853 630 1937 (π’φθονίαν
656 1857 717 1939 γάρ
755 1851 877 1920 τούτων
906 1844 1002 1937 εὗρον
1036 1858 1136 1920 ἐκεῖσε
1159 1851 1215 1917 κατ’

63 1963 93 2016 15
104 1948 192 2016 οἴνου
214 1978 244 2017 τι
264 1954 360 2035 μέρος
382 1957 438 2017 καί
457 1957 520 2019 ταῖν
546 1952 781 2021 εὐτελεστάτων
803 1956 933 2042 εἰδῶν),
957 1955 1075 2021 τῶνδὲ
1096 1976 1210 2038 τιμιοτ·

102 2055 206 2137 τάρων
234 2051 393 2139 λαφύρων
415 2055 594 2138 άπίτοχον,
625 2055 845 2140 προλαβόντων
872 2059 936 2120 τεόν
964 2059 1125 2138 πολεμίοιν
1153 2059 1210 2121 κατ’

101 2160 394 2235 σοοκεοασαμένων
419 2156 500 2221 αι’τά
522 2162 597 2238 μεθ’
616 2152 738 2221 ἓαοταῑν
761 2160 794 2222 ἐν
816 2161 860 2244 τῷ
878 2157 1068 2241 α’ποδράναι.

208 2259 279 2320 Κατ’
306 2262 406 2321 ταῦτα
441 2261 500 2338 μὲν
529 2261 583 2323 ἐπί
609 2260 666 2341 τῆς
694 2257 934 2340 μεγαλοπόλεως
967 2259 1108 2342 ἐκείνης,
1140 2251 1210 2340 ῆτις

101 2358 254 2441 άμαχητί
277 2363 474 2442 κρατηθεῖσα
507 2359 625 2444 πολλῆν
663 2358 838 2443 εύμάρειαν
870 2362 987 2425 δέδωκε
1015 2368 1080 2434 τοῖς
1111 2384 1213 2442 στρα-

58 2459 235 2534 mineruae
276 2457 355 2542 πρός
393 2459 449 2543 τῆν
482 2465 582 2527 ἐκεῖσε
621 2460 801 2545 διαγωγῆν,
834 2459 915 2544 πλῆν
959 2463 1056 2526 τινοῖν
1080 2460 1210 2544 πύργων

99 2552 335 2642 ύψηλοτάτων,
367 2563 462 2644 τριιόν
496 2561 515 2646 ῆ
541 2559 718 2645 τεσσάρων,
747 2559 825 2626 ἔνθα
856 2564 1037 2647 Σαρακηνοί
1058 2560 1208 2642 α’νιόντες,

98 2659 156 2723 κατ’
179 2657 237 2741 τῆν
269 2652 381 2725 άνοδον
409 2657 451 2736 alc
482 2662 671 2747 στενόπορον
707 2662 938 2749 κατασχόντες,
968 2664 1213 2750 ἐφιλονείκησαν·

175 2827 203 2881 7.
224 2826 289 2884 ὅσοι
307 2830 455 2899 interpres:
476 2831 506 2887 0.
531 2830 609 2890 ὅσαι.

98 2985 208 3039 Arabes
227 2994 316 3038 sutem
328 3002 386 3040 cnm
399 2988 491 3041 Tuscis
506 2989 595 3054 etiam,
614 2991 659 3058 qui
669 2991 703 3042 iis
722 2992 841 3057 aderant,
859 3006 914 3045 aaa
930 2994 1033 3060 paneis,
1048 2992 1143 3061 quibus
1157 2991 1209 3044 im.

98 3056 216 3125 peraltst
235 3060 277 3110 vir
295 3066 418 3112 strenuus
438 3068 465 3111 et
483 3076 568 3128 genus
587 3062 687 3112 iactans
710 3064 812 3130 regium
832 3062 968 3114 el’erside
985 3064 1094 3114 nemius
1111 3063 1209 3114 Amer-

98 3130 185 3194 tikes,
207 3129 398 3199 exlonginquu
412 3141 556 3199 sequentes
576 3140 603 3183 et
614 3134 690 3200 quasi
709 3132 880 3185 satellitem
895 3142 1022 3201 gerentes
1040 3139 1086 3183 aut
1104 3134 1209 3183 iaetan-

98 3202 154 3251 tiae
175 3215 259 3252 causa
278 3204 377 3253 circum
403 3212 550 3254 curreutes.
571 3204 642 3254 eirca
663 3220 804 3270 vesperum
825 3211 913 3254 autem
933 3211 1019 3257 castra
1039 3218 1141 3269 peneus
1161 3217 1209 3253 rex

99 3280 162 3322 ante
183 3272 342 3338 Hierapoliu
362 3273 453 3324 urbem
474 3274 571 3325 fossam
591 3275 627 3325 ibi
648 3284 674 3325 et
693 3274 791 3326 vallum
817 3290 850 3325 ex
869 3274 1063 3325 consuetudine
1083 3273 1148 3341 fixi-t.
1172 3273 1208 3324 ita

100 3352 194 3394 autem
213 3344 402 3409 impedimenta
416 3346 510 3398 Gracci
531 3346 635 3399 fortiter
655 3349 681 3397 in
702 3347 826 3398 tentoriis
836 3346 1013 3413 deponentes,
1033 3360 1120 3413 neque
1142 3360 1207 3395 vere

100 3423 247 3467 versantes
272 3416 299 3465 iu
320 3415 361 3466 liis
382 3418 533 3484 quicunque
563 3416 698 3470 laboribus
718 3417 882 3485 imperabant
910 3424 937 3468 et
956 3416 1041 3468 ordini
1060 3416 1206 3468 Ariueuio.

97 3503 166 3551 snm,
189 3488 319 3537 adversus
340 3487 430 3539 urbem
451 3488 566 3555 prefecti
589 3499 668 3542 suut:
690 3499 717 3542 et
735 3488 948 3559 quandoquidem
969 3489 1130 3541 invenerunt
1150 3502 1206 3538 eam

96 3574 151 3609 nou
181 3559 291 3609 omnino
318 3574 367 3625 per
388 3575 434 3611 eos
460 3561 505 3628 qui
524 3561 595 3612 intus
616 3571 691 3614 erant
710 3563 846 3613 defensam
877 3562 971 3629 (antea
991 3560 1060 3610 enim
1080 3558 1207 3611 Saraceni

95 3638 171 3681 saeta
196 3629 328 3681 educatus
347 3633 420 3700 regis
441 3631 528 3700 fugam
549 3642 677 3699 ceperant
700 3642 771 3685 trans
791 3630 952 3699 Euphratem
972 3630 1107 3699 fluvium),
1128 3629 1206 3682 cele.

96 3703 165 3753 niter
186 3710 279 3768 portas
299 3703 455 3770 frangentes
475 3706 545 3755 intus
564 3705 732 3756 insilierunt:
752 3712 833 3771 atque
852 3703 977 3753 frumenti
998 3710 1024 3753 et
1044 3702 1141 3770 reliqui
1162 3704 1207 3755 vi.

96 3782 155 3825 ctus
176 3774 211 3825 ad
231 3774 381 3825 satietatem
401 3784 574 3827 commentum
594 3777 656 3828 inde
677 3776 807 3827 fecerunt.
837 3774 940 3840 copiam
957 3773 1026 3824 enlm
1045 3772 1139 3826 herum
1158 3792 1206 3825 re.

95 3854 230 3910 peremat
248 3844 285 3896 ibi
316 3854 343 3896 et
370 3847 424 3898 vini
453 3856 553 3914 partem
573 3856 600 3899 et
618 3847 808 3900 uilissimorum
828 3859 973 3914 generum,
993 3845 1091 3913 praeda
1119 3855 1207 3898 autem

94 3919 185 3986 magis
210 3918 351 3969 aestimata
378 3920 549 3984 exciderunt,
576 3936 634 3970 eum
655 3918 746 3970 liestes
766 3933 823 3969 eam
842 3918 1055 3985 praeripuissent
1075 3925 1101 3970 et
1117 3932 1208 3971 seeum

95 3997 256 4053 portassent
276 3990 445 4067 effugientes.

197 4078 290 4145 Atque
326 4078 394 4129 haec
427 4080 532 4147 quidem
566 4080 592 4129 in
625 4077 674 4128 illa
709 4077 792 4143 urbe,
823 4093 891 4147 quae
923 4080 982 4130 sine
1014 4094 1102 4148 pugna
1135 4080 1207 4130 vieta

93 4150 205 4202 maltam
235 4148 393 4201 facilitatem
419 4150 543 4217 praebuit
569 4149 697 4201 militibus
723 4150 756 4201 εδ
781 4152 880 4202 vietum
906 4152 932 4202 in
955 4166 986 4201 ea
1006 4160 1097 4215 terra,
1124 4166 1208 4200 exee-

94 4225 145 4287 ptis
174 4219 319 4274 nonnullis
348 4222 464 4274 turribus
484 4222 637 4285 altissimis,
664 4221 748 4273 tribus
778 4231 823 4274 aut
848 4230 989 4291 quattuor,
1017 4223 1062 4273 ubi
1081 4219 1206 4273 Saraceni

92 4294 279 4346 uendentes
299 4300 327 4343 et
340 4294 393 4345 iter
403 4302 431 4345 ut
441 4301 582 4362 augustum
598 4301 761 4363 occupantes
772 4302 957 4346 certarunttex
967 4295 1054 4362 petala
1072 4305 1121 4342 aaa
1133 4303 1208 4344 more
