3182 4986
573 373 779 440 ιιιετοοιλ.
943 345 947 355 ’
1048 414 1065 441 .
1153 365 1223 436 1¹¹

120 542 227 605 σιίναι
251 533 483 620 κατεσχηκότος
509 538 564 618 τῆς
587 532 786 616 αἰιροπόλεοος
812 533 956 617 (Πέτρος
989 530 1007 617 ἦ
1032 532 1226 616 προσηγορία

119 641 248 704 τουτωῒ
265 641 309 726 τῷ
329 638 431 720 α’νδρί,
455 636 491 700 τό
516 639 644 720 ἐπίκλην
659 637 839 717 Λιβελλίος,
864 637 902 722 τῇ
921 636 955 698 δὲ
972 636 1033 698 τόν
1044 637 1227 717 μαγίστρυον

120 742 199 828 α’ξίφ
221 742 266 826 τῷ
285 735 358 803 τότε
377 740 613 829 τετιμημένος),
636 728 735 809 οότοος
759 738 812 817 τῆς
833 742 1015 818 πολιορκίας
1039 734 1227 816 ἀπέσχοντο,

121 842 252 922 ε’πείκτρ
276 838 333 903 καί
352 839 386 902 ἐκ
408 839 551 920 παρόδου
576 836 693 912 πολλός
724 835 846 915 πόλεις,
869 832 912 909 τίς
927 839 987 914 μὲν
1008 839 1163 917 βραχείας
1187 830 1227 908 δίς

94 942 160 1003 ὅδὲ
182 943 238 1002 καί
256 940 405 1019 μείζους,
426 938 461 1001 ἐκ
484 942 621 1015 πολέμου
640 938 696 999 καί
715 938 788 1015 βίας
809 934 1005 1018 ἀνήρπασαν.

99 1044 104 1053 ”
229 1037 272 1102 Τό
298 1039 327 1101 δ’
353 1041 503 1101 ἐντεῦθεν
526 1031 642 1120 όγοῖνες
664 1034 819 1100 ὁπλιτικοί
837 1032 872 1099 τό
894 1032 1062 1115 βασιλικόν
1085 1034 1226 1117 στρατό-

120 1142 219 1204 πεδον
240 1140 401 1214 όδόξαντο.
425 1132 440 1199 ό
466 1139 526 1220 γὰρ
551 1136 679 1220 α’μηροῖς
701 1137 759 1200 τοῦ
771 1134 885 1200 Χόλεπ
907 1131 1053 1214 συνάψας
1072 1142 1140 1208 τοϊς
1159 1140 1227 1196 λοι-

120 1249 193 1314 ποῖς
219 1241 284 1305 τεόν
314 1239 492 1321 Ἀραβικῶν
522 1235 583 1303 σόν
619 1238 661 1322 trgi
688 1237 846 1322 Οόννικῷ,
877 1234 932 1298 καί
961 1231 1099 1313 δόνσμιν
1123 1231 1227 1315 ἁδρόν

120 1340 349 1423 ποιησόμενος,
371 1340 417 1413 τίς
439 1348 551 1421 χεῖρας
572 1340 677 1400 ἐλθεῖν
692 1339 736 1422 τῷ
753 1340 886 1415 βασιλεῖ
904 1339 959 1399 καί
973 1333 1136 1415 μάχεσθαι
1157 1335 1226 1396 διε-

77 1443 281 1517 ςρσνιίπτετο.
326 1444 385 1503 τοῦ
417 1440 451 1503 δὲ
482 1443 639 1519 βασιλέως
671 1434 761 1501 ἔνδον
788 1430 874 1512 ὄντος
908 1439 962 1520 τῆς
986 1438 1226 1518 προαλσιθείσης

113 1542 324 1622 Ἱεραπόλεονς
356 1545 411 1607 καί
441 1541 722 1623 πυργομαχοόνευς
754 1539 787 1599 ἐν
816 1540 924 1621 μέρει,
959 1534 1040 1602 καθὸ
1075 1537 1226 1614 λείψανον

119 1640 329 1705 όπολόλεετιτυ
350 1643 407 1722 τῆς
425 1642 695 1721 πυργοκρατειάς,
707 1635 897 1721 παρατάξεις
920 1638 1154 1723 α’φανρίοθηοαν
1169 1640 1226 1703 δόο

120 1738 178 1805 τόν
194 1739 318 1821 μεταξό
342 1735 439 1806 τόπον
457 1743 515 1803 τοῦ
529 1762 564 1802 τε
579 1735 715 1820 κόσερου
736 1739 789 1801 καί
807 1739 861 1819 τῆς
883 1740 1086 1821 παρεμβολῆς
1107 1740 1142 1803 ε’κ
1165 1742 1226 1803 τοόν
1278 1774 1282 1781 ·

119 1841 271 1905 ἐναντίων
299 1842 563 1924 διατειχίζουστι.
610 1841 812 1923 διεφαίνοντο
836 1839 897 1920 γάρ
918 1861 1000 1911 τινες
1031 1841 1095 1902 τοόν
1113 1842 1226 1923 Σαρα-

77 1940 378 2023 interimendae
400 1940 510 2004 πεδίον
533 1944 567 2003 ἐκ
592 1941 805 2021 διαστήματος
827 1934 1048 2019 ἱππαζόμεναι.
1073 1941 1138 2003 εἰσί
1161 1937 1223 2022 γόρ

118 2037 195 2121 περί
210 2038 269 2123 την
282 2035 459 2121 Ἱερόπολιν
476 2037 639 2121 ἱππηλατα
659 2040 755 2101 πεδία
777 2034 855 2119 πρός
874 2041 973 2119 μῆκος
986 2034 1224 2119 όπεκτεινόμενα

117 2144 277 2224 μέγιστον,
301 2140 357 2204 καί
375 2140 455 2225 πλην
475 2142 625 2225 γηλόφων
645 2139 740 2203 ου’δόν
755 2141 823 2201 ἐστι
847 2137 881 2201 τό
906 2136 1158 2221 δπερανεστηκός
1180 2140 1224 2213 εἰς

119 2234 195 2322 ὄρος
215 2244 300 2323 μίγα
321 2241 376 2305 καί
394 2239 473 2322 πρός
495 2242 576 2322 α’όρα
598 2235 843 2317 διατεινόμενον.
887 2237 1054 2320 καυσώδης
1075 2241 1109 2303 δὲ
1131 2233 1147 2300 ό
1169 2237 1225 2303 τό-

119 2364 179 2415 κος
199 2343 285 2405 ίστίν
305 2337 349 2417 τός
369 2336 409 2405 όν
431 2345 490 2405 τοῦ
513 2342 605 2424 ἡλίου
630 2337 825 2422 θερμότερον
852 2341 952 2404 ἐκεῖσε
974 2334 1225 2420 προσβάλλοντος

72 2439 176 2512 weita
202 2440 237 2504 τό
260 2441 490 2526 μεσημβρινόν.
535 2441 609 2525 περί
640 2443 675 2505 δὲ
696 2438 735 2504 τό
758 2435 892 2523 ἑσπέρια
917 2439 977 2503 τοῦ
997 2441 1135 2521 κόστρου
1158 2445 1225 2503 λει-

115 2543 224 2620 μοόντς
259 2539 439 2629 πεφόκασιν
470 2542 681 2625 δδραγσνγίοις
712 2539 919 2622 κατάρρυτοι·
961 2538 1097 2621 χλιαρόν
1124 2542 1160 2605 δὲ
1189 2539 1222 2606 τό

117 2635 220 2723 όδοσρι
239 2640 324 2721 όστί,
354 2643 597 2725 μεταλαμβάνον
620 2645 743 2714 πάντας
765 2643 819 2724 τῆς
847 2636 881 2703 ἐκ
904 2643 960 2704 τοῦ
979 2641 1073 2725 α’όρος
1094 2646 1150 2707 καί
1168 2644 1223 2726 τῆς

115 2736 259 2822 γεοόδους
292 2744 469 2826 φλεγμονῆς
502 2736 685 2815 όπιτόσεοσς.
733 2738 802 2805 τότε
832 2745 891 2823 μὲν
922 2733 979 2806 οόν
1003 2742 1085 2813 κατὰ
1109 2740 1224 2827 μικρόν

195 2926 236 2981 λλ.
256 2924 459 2996 διατιιχλζουσι
479 2926 508 2982 0.
529 2936 646 2995 praestat
664 2894 871 3000 διατειχιοῦσαι
890 2932 936 2982 rel
957 2929 1150 3001 διατειχίζειν.

117 3105 202 3151 nente
221 3100 292 3150 arcia
312 3098 419 3167 (Patrne
438 3114 535 3153 nomen
556 3101 617 3153 hnic
636 3103 705 3166 viro,
726 3117 874 3170 cognomen
893 3090 1040 3165 Ιιίλιολλλιιε,
1061 3108 1224 3156 enatantem

117 3171 309 3237 magiatrornm
337 3170 467 3239 dignitate
494 3182 547 3224 tunt
567 3172 726 3243 honoratus)
753 3176 793 3224 aie
812 3174 1012 3240 oppugnatione
1030 3173 1223 3235 abatinuerunt,

118 3240 335 3309 quandoquidem
365 3243 442 3293 etiarn
464 3244 661 3309 praetereundo
680 3244 775 3295 multas
800 3243 879 3294 urben
899 3252 926 3294 et
950 3246 1045 3310 parvae
1064 3251 1091 3294 et
1109 3244 1224 3294 maiorer

118 3311 195 3363 beiio
215 3319 244 3363 et
264 3313 290 3363 vi
310 3323 463 3380 rapuerunt.

221 3398 324 3452 Exinde
351 3403 494 3454 certamina
527 3407 618 3472 gravia
642 3412 789 3455 armaturae
809 3405 911 3472 regium
932 3404 1077 3454 exereitum
1105 3416 1224 3468 exeepe.

117 3479 191 3523 rant.
229 3487 334 3523 anreraa
354 3474 423 3523 enirn
445 3474 557 3542 Chalapi
577 3490 737 3542 congressus
758 3474 871 3544 reliquia
889 3474 1005 3529 Arubitia
1024 3488 1082 3524 conr
1103 3472 1224 3524 ilnnniea

116 3557 199 3594 mann
218 3549 246 3593 et
265 3545 320 3594 nint
341 3543 446 3611 pie-narn
471 3560 643 3613 comparum,
670 3547 702 3598 ad
730 3562 821 3599 manua
847 3547 941 3598 venire
967 3547 1025 3613 regi
1052 3552 1078 3594 et
1104 3557 1223 3610 pugnare

116 3613 264 3666 atataebat.
302 3629 367 3682 rege
386 3624 473 3667 antenr
488 3624 612 3669 vernante
631 3618 657 3668 in
673 3617 809 3686 Hierapoli
828 3626 907 3670 antea
922 3625 998 3684 capta
1017 3624 1044 3667 et
1062 3616 1153 3667 turrim
1172 3630 1223 3683 ag.

114 3684 262 3753 grediente
282 3685 309 3736 in
330 3695 403 3752 parte
423 3688 467 3738 ubi
487 3688 610 3740 relietum
630 3698 687 3739 erat
710 3689 811 3757 aliquid
831 3691 939 3741 turrium
960 3687 1155 3749 dominationis,
1176 3702 1223 3738 or.

113 3756 197 3808 dinea
217 3756 428 3810 secernebatur
455 3760 529 3824 dno,
553 3760 658 3823 locum,
685 3763 729 3827 qui
750 3762 819 3813 inter
848 3758 987 3811 casteilunr
1008 3767 1034 3808 et
1051 3767 1138 3810 caetra
1158 3768 1223 3825 erat,

113 3827 148 3878 ab
169 3826 294 3880 hortibus
312 3839 493 3883 secernentes.
530 3829 694 3899 apparebant
715 3833 784 3883 eninr
803 3829 924 3883 nonnulli
941 3829 1068 3881 Saraceni
1083 3832 1110 3881 in
1129 3845 1222 3898 campo

115 3916 130 3950 α
150 3900 242 3965 spatio
262 3901 423 3969 equitantea.
460 3911 521 3956 auat
540 3905 610 3956 enim
631 3906 702 3957 cirea
721 3901 878 3970 Hierapoiia
898 3904 983 3969 campi
1002 3903 1035 3953 ad
1055 3902 1224 3969 equitandum

115 3973 174 4038 apti
196 3970 242 4038 qui
267 3973 305 4023 in
315 3972 508 4040 longitudinem
526 3976 703 4029 extenduntur
724 3975 875 4039 nrnxinranr,
904 3982 931 4024 et
949 3982 1055 4041 praeter
1074 3973 1159 4026 colles
1178 3976 1222 4026 ni.

116 4042 155 4093 tit
178 4048 222 4092 eat
241 4044 311 4108 quod
330 4054 452 4112 aunrgat
470 4047 502 4097 nd
522 4055 638 4098 nrontenr
658 4061 780 4115 inagnum
801 4053 828 4097 et
845 4046 872 4096 in
891 4050 951 4097 nera
972 4046 1139 4097 extendatur.
1177 4060 1223 4098 ar.

115 4114 186 4165 δσειε
206 4112 295 4176 loona,
317 4130 374 4165 cunr
393 4115 433 4166 soi
460 4118 561 4170 calidus
581 4117 616 4169 ibi
643 4119 742 4170 ineidat
767 4128 876 4186 propter
899 4119 1045 4170 meridiem.
1083 4119 1155 4170 eirca
1173 4129 1223 4167 oe.

116 4182 283 4237 ridentalenr
309 4193 397 4237 autern
426 4196 525 4253 partein
552 4189 657 4241 caatoiii
684 4198 758 4258 prata
785 4199 846 4243 aunt
871 4190 1080 4259 aquaeductibus
1105 4189 1222 4253 irrigata,

115 4256 212 4325 tenid·
231 4263 321 4309 witot
341 4261 630 4338 otiaquaoartieepa
648 4263 756 4317 omnino
781 4264 955 4327 οοοοεελοολε,
974 4276 1042 4330 qnae
1062 4274 1095 4314 οε
1115 4262 1225 4309 ⁸⁶th
