3168 4988
591 368 798 437 nrsronm.
1063 324 1066 327 Α
1173 366 1247 440 εει

142 526 309 612 γινόμενος
331 525 387 592 καί
401 525 462 611 τήν
475 524 600 613 εἰρήνην
623 491 871 613 διαπορθμεύων
902 531 957 594 καί
984 528 1082 596 πολλό
1104 531 1167 597 sais
1187 529 1252 613 οἷμ-

144 626 399 716 φισβητημότιιν
420 628 463 704 τός
484 627 600 694 όπίπαν
633 628 867 714 καταπραόνιιν
896 628 952 694 καί
970 631 1143 712 πολεμικός
1160 653 1251 714 περι·

143 729 276 806 στάσεις
297 728 480 811 ἀποσοβῶν·
524 728 615 795 ἔπεσε
638 732 673 795 δὲ
693 735 862 814 τηνικαῦτα
895 733 928 811 ἐξ
949 727 1130 812 αότομότου
1151 732 1171 816 ή
1195 732 1253 797 τιό

144 830 327 912 Βρυεννίου
348 830 455 915 σκηνή,
476 834 532 896 τοῦ
548 829 671 918 ὀρόφου
693 832 812 917 ταύτης
834 835 1076 916 παραλυθέντος
1099 829 1252 898 κυκλόθεν

114 927 296 1015 διῖορότοις
317 934 438 1017 χερσίν.
482 926 560 1019 όπερ
582 936 804 1018 καταστροφῆς
836 934 938 999 αὐτοῦ
962 930 1123 1016 σόμβιλον
1144 933 1252 1014 ‹speo-

145 1032 202 1105 ote
223 1038 289 1106 τοῖς
308 1040 448 1109 συνετιῖς
471 1033 659 1119 capesses,
682 1031 753 1098 tuat
773 1032 829 1099 καί
848 1033 909 1118 πρό
931 1036 1025 1098 τινιόν
1049 1028 1176 1118 ήμιριόν
1197 1029 1250 1098 ἔκ·

91 1145 95 1149 “
141 1137 253 1213 λειψις
274 1136 329 1216 τής
350 1131 482 1219 σελήνης
504 1141 651 1217 γεγονυῖα
660 1134 729 1218 ’τήν
749 1137 871 1201 πτῶσιν
890 1136 994 1201 edroi
1014 1133 1070 1199 καί
1089 1131 1171 1218 ου’τή
1190 1157 1250 1199 κα-

141 1235 323 1316 τεμήνυσε·
370 1239 552 1320 τεκμαίρειν
581 1234 643 1319 γόρ
664 1232 719 1320 τήν
749 1232 883 1321 σελήνην
911 1238 957 1312 εἰς
977 1237 1049 1310 τιός
1069 1234 1378 1314 ermeneumata.

140 1329 174 1398 ol
197 1338 273 1417 πιρί
304 1332 363 1413 τός
389 1339 452 1400 τῶν
472 1336 649 1422 φιιστήριιν
678 1337 816 1421 δινήσεις
839 1341 939 1404 δεινοί
958 1340 1014 1403 καί
1031 1339 1251 1425 μαθηματικοί

95 1437 284 1518 ιολίγουσι,
305 1440 361 1500 κατ’
382 1435 418 1502 τό
442 1434 546 1513 πόθος
561 1438 681 1524 ταύτης
702 1439 806 1515 πόθος
827 1441 886 1506 τοῦ
899 1438 1149 1514 ἀποσκοποῦντας
1169 1461 1249 1525 προ-

142 1539 378 1619 καταγγέλλειν.

241 1637 484 1716 Ἓπανελθόντος
514 1642 551 1705 dd
575 1644 635 1706 τοῦ
662 1638 804 1707 τοιοότοο
833 1646 1012 1729 πρὲσβιοις,
1033 1637 1247 1725 καταγελάσας
1327 1724 1331 1729 .

142 1731 162 1801 ό
184 1738 338 1819 βασιλεός
360 1744 419 1824 τής
440 1743 497 1805 τιό
517 1744 694 1825 Βρυεννίου
714 1741 917 1829 θρασύτητος
946 1739 1048 1826 ἔργων
1071 1741 1249 1824 πολεμιιιόν

140 1837 201 1903 καί
225 1842 494 1925 στρατηγημάτων
523 1845 679 1925 ἐπιμελῶς
702 1841 824 1926 εἴχετο,
854 1841 909 1907 καί
938 1841 994 1929 τήν
1015 1847 1072 1908 τοῦ
1092 1840 1247 1927 τυράννου

98 1949 132 2003 15
141 1938 318 2006 κατόλυσιν
341 1943 512 2027 τιλθαρσοῖς
531 1944 743 2028 προηγόρευεν
763 1945 796 2007 όν
814 1949 870 2026 τής
890 1937 957 2009 όνιι
978 1941 1076 2030 ῥοπῆς
1096 1940 1152 2006 καί
1167 1945 1247 2024 βου·

140 2042 202 2122 λής
223 2041 279 2105 καί
298 2042 354 2124 τής
367 2043 455 2119 ἰδίας
475 2044 646 2128 εόβιηλιάς
665 2045 722 2109 καί
740 2047 969 2129 γενναιότητος,
991 2046 1045 2127 τῆς
1057 2045 1143 2125 νίκης
1164 2039 1247 2125 ἔχειν

141 2141 274 2225 οἷψευόή
294 2139 333 2207 τό
358 2147 506 2228 ε’νόχυρα.
550 2143 630 2209 aitte
657 2147 712 2210 καί
731 2142 760 2211 ol
786 2147 827 2218 ,ὃν
848 2148 931 2209 πόλει
954 2143 1066 2218 πόνττς
1088 2145 1130 2229 dt'
1151 2141 1248 2226 όργής

141 2243 333 2327 ἆπιιήσαντι
363 2242 420 2327 τήν
447 2246 505 2309 τιό
529 2247 702 2329 Βρυεννίοο
726 2242 959 2330 α’πανθροιπίαν
991 2248 1046 2308 καί
1064 2240 1248 2327 ἆδιόκριιον

139 2341 283 2429 γναόμην,
303 2343 350 2427 μή
374 2346 589 2430 διακρίναντας
613 2345 669 2431 τήν
690 2371 723 2413 τε
745 2349 808 2412 salv
830 2345 993 2430 προγόνων
1011 2348 1070 2410 τιό
1089 2346 1246 2426 βασιλλος

94 2443 307 2528 λθτόγίνειαν
331 2449 387 2511 καί
405 2447 460 2531 τήν
484 2440 608 2513 ἄνωθεν
622 2451 884 2531 περιλόριπουσαν
905 2446 1022 2525 αότοός
1044 2448 1078 2511 ἑν
1096 2455 1162 2521 τοϊς
1186 2467 1245 2508 πο-

139 2552 283 2626 λεμικοῖς
313 2546 604 2632 όνδραγίιθήμασιν
637 2547 751 2634 α’ρετήν
773 2548 828 2613 καί
857 2546 897 2613 τό
918 2546 999 2614 sord
1027 2550 1090 2612 sois
1117 2543 1246 2630 ἐχθρῶν

139 2651 352 2732 ιίγιονιλιματα
384 2650 440 2713 καί
463 2653 696 2733 παλαίσματα,
720 2648 775 2715 καί
802 2646 858 2733 τήν
884 2648 986 2714 edred
1007 2650 1064 2713 τιό
1087 2648 1245 2728 βασιλέως

141 2747 351 2835 λαμπρότητα
383 2748 439 2815 καί
457 2748 620 2835 ὑπεροχήν
642 2754 676 2816 ὃν
703 2751 864 2834 ολξιιόμασι
883 2753 938 2816 κατ’
956 2754 1138 2830 πολεμικοῖς
1158 2745 1246 2829 σίγα-

140 2855 298 2936 νίσμασι,
331 2852 388 2916 καί
407 2848 441 2918 τό
465 2851 572 2935 όγενός
593 2856 649 2937 τής
669 2848 786 2918 ἑαυτοῦ
809 2854 949 2940 φατρίας
977 2851 1033 2916 καί
1053 2842 1244 2935 συγγενείας.

140 3155 342 3210 controversias
361 3153 518 3224 plerumque
536 3154 661 3224 mitigans
680 3162 707 3207 et
726 3151 824 3206 bellica
849 3151 970 3219 pericula
988 3150 1137 3218 depellaris.
1176 3166 1243 3202 con.

139 3229 206 3280 cidit
225 3234 313 3279 antem
332 3235 386 3279 turn
406 3236 501 3294 sponte
521 3226 650 3293 Bryennii
669 3226 811 3277 tentorium
835 3232 906 3275 tecto
934 3223 992 3275 eius
1021 3222 1152 3275 dissoluto
1172 3222 1243 3274 circs

138 3298 262 3355 manibus
280 3313 333 3350 non
360 3298 566 3365 apparentibus:
590 3298 616 3350 id
646 3297 717 3365 quod
734 3296 883 3348 eversionis
913 3296 970 3346 eius
997 3294 1102 3362 signnm
1129 3292 1242 3345 inlellax

138 3369 315 3440 prudentibus
335 3369 565 3439 cognoscebatur:
593 3385 650 3420 cum
672 3369 749 3421 etiarn
775 3364 913 3420 nonnullis
930 3364 1024 3417 diebus
1043 3372 1105 3415 ante
1123 3365 1240 3416 delectio

140 3442 222 3493 lunae
242 3456 331 3492 casum
359 3442 416 3493 cius
436 3449 464 3493 et
479 3441 537 3508 ipsa
556 3440 753 3508 significasset:
782 3446 905 3508 apertura
925 3438 993 3488 enim
1012 3435 1102 3488 lunam
1122 3435 1154 3487 nd
1172 3450 1241 3502 apo.

138 3521 223 3565 statas
242 3512 334 3563 dicunt
352 3513 396 3580 qni
423 3520 525 3563 meatus
554 3511 680 3563 luminum
703 3511 782 3579 periti
807 3519 869 3562 suut
897 3518 924 3561 et
951 3507 1139 3571 mathematici,
1159 3515 1240 3574 atque

138 3584 220 3636 huius
239 3585 411 3635 mutationem
430 3591 568 3651 apostatae
587 3584 758 3634 mutationem
778 3590 856 3634 antea
873 3581 1006 3632 nuntiare.

240 3681 362 3733 Reverso
382 3688 469 3732 autom
489 3679 535 3731 tali
554 3679 645 3749 legato
664 3681 777 3732 irrideus
797 3694 846 3732 rex
864 3678 1000 3730 audaciam
1012 3673 1141 3741 Bryennii
1159 3673 1240 3727 rebus

136 3751 247 3804 bellicio
268 3750 413 3803 stantibus
432 3751 511 3804 valde
531 3751 671 3815 studebat,
702 3759 730 3801 et
750 3751 855 3816 tyranni
875 3751 1044 3801 eversionem
1062 3745 1131 3799 bono
1152 3747 1239 3799 animo

136 3821 321 3891 praedicebat,
340 3839 355 3874 e
374 3837 471 3890 supera
490 3822 626 3875 decisione
646 3831 673 3873 et
691 3821 829 3875 voluntate
849 3829 877 3873 et
890 3834 939 3871 suo
958 3818 1072 3871 consilio
1093 3826 1120 3870 et
1137 3817 1240 3870 nobili.

136 3903 194 3947 tate
220 3894 350 3946 victoriae
376 3894 476 3946 habens
501 3902 574 3945 cesta
601 3894 722 3961 pignora.
771 3893 817 3944 sed
845 3892 923 3943 etiam
954 3892 1125 3959 magistratus
1148 3904 1240 3941 omues

136 3967 201 4019 irati
220 3973 297 4017 erant
322 3972 431 4033 propter
449 3965 576 4031 Brpennil
602 3964 788 4015 immanitatem
816 3971 844 4015 et
861 3964 991 4014 incertum
1010 3961 1162 4026 consilium,
1181 3974 1240 4013 cum

134 4052 192 4091 usn
210 4038 384 4105 dignosceret
401 4037 530 4089 maiorum
544 4037 618 4105 regis
637 4033 803 4086 nobilitatem
825 4043 852 4085 et
869 4049 985 4100 superne
1005 4032 1240 4086 circumlucentem

136 4123 187 4161 eos
211 4110 241 4159 in
259 4104 366 4160 bellicis
389 4108 512 4159 victoriis
541 4108 667 4159 virtutem
687 4115 713 4157 et
743 4107 886 4157 certamina
912 4115 939 4158 et
957 4104 1061 4173 proelia
1080 4111 1172 4155 eontra
1189 4101 1239 4153 ad-

136 4181 275 4233 versarios
294 4178 464 4243 instituenda,
484 4186 564 4246 atque
582 4178 666 4244 ipsius
676 4177 750 4245 regis
768 4176 938 4244 splendorem
959 4174 1192 4229 eresceltensiam
1210 4173 1240 4224 in

135 4250 314 4322 dignitatibus
333 4259 361 4304 ct
378 4249 487 4305 bellicis
503 4248 691 4303 certaminibus
705 4256 732 4301 et
750 4247 946 4318 ignobilitatem
961 4264 1026 4302 susa
1038 4245 1131 4315 stirpis
1146 4252 1174 4299 et
1189 4258 1240 4297 eo.
