3222 5000
640 358 858 429 mamam..

181 624 355 706 νοέμβριον
376 619 559 706 ἐγγιζοόοής
589 626 778 705 παρεγένετο
810 622 890 707 πρός
910 624 967 709 τήν
990 622 1025 690 έν
1045 624 1178 712 βόθρων
1200 629 1287 712 dysp-

185 727 301 788 θεῖσαν
324 727 402 805 παρ’
424 721 529 788 asinos?
547 724 646 808 μονήν
668 723 685 788 ό
712 722 912 812 πατριάρχης
932 722 1041 793 aizoni
1060 730 1211 815 Μιχαήλ,
1230 730 1286 795 καί

54 882 56 917 s
180 827 247 889 τεόν
269 824 446 908 περιβόλων
479 825 537 889 τοῦ
556 821 696 906 μεγάλου
726 829 781 891 καί
799 824 988 912 α’πορθήτου
1019 832 1075 893 καί
1095 832 1286 895 θεοτεόκτοο

154 929 378 1005 5πολίσματος
398 921 460 1003 ἔξω
480 926 646 1008 γενόμενος
666 929 728 992 roda
760 929 817 1009 τῆς
839 922 951 1010 ἑορτῆς
972 933 1146 1013 φιλοτίμως
1167 929 1286 1017 ε’φρόν-

181 1027 250 1104 τιζε
269 1022 349 1091 ιιατό
376 1022 414 1090 τό
435 1019 567 1108 ἑσπέρια
587 1031 671 1113 μέρη
691 1031 747 1111 τής
770 1026 898 1102 πόλεως.
920 1027 936 1092 ό
958 1030 993 1094 δέ
1012 1028 1165 1111 βασιλεός
1188 1028 1286 1113 ήιιόνα

181 1124 238 1212 τήν
256 1125 433 1208 σκαιωρίαν
461 1130 517 1191 καί
543 1125 601 1210 τήν
633 1125 799 1214 ῥομφαίαν
826 1130 971 1210 ιὀτίλβου
997 1131 1053 1193 καί
1073 1127 1128 1199 τόν
1148 1132 1286 1212 indepto-

180 1230 303 1311 χοόντα
334 1223 439 1308 θυμόν
466 1235 533 1303 τοῖς
560 1228 719 1311 έγνίζουσι
746 1228 972 1312 παρεγύμνου·
1028 1228 1082 1294 καί
1105 1234 1285 1316 προπέμπει

181 1332 245 1394 τοῖν
268 1325 339 1393 τινὰ
365 1329 487 1392 οἰκείων
518 1323 563 1403 οός
590 1325 751 1413 ἱερατικὸν
784 1326 1033 1415 συνομιλήσοντα
1065 1335 1109 1420 sq?
1139 1333 1290 1417 α’ρχιορεῑ

136 1431 258 1513 λθαερέ
278 1430 373 1494 τινων
392 1427 493 1512 τυχόν
515 1429 719 1514 ἀπορρήτων,
741 1434 796 1496 ιιαέ
815 1430 870 1496 τόν
891 1429 1003 1515 καιρόν
1022 1435 1077 1517 τής
1098 1438 1167 1498 κατ’
1188 1432 1286 1497 αὐτὸν

180 1533 326 1612 σκέψεως
348 1534 404 1595 καί
425 1533 480 1615 τῆς
498 1529 604 1617 φήμής
637 1530 738 1621 τοότφ
763 1520 1017 1617 όποτειχίοοντα.
1061 1530 1188 1618 καὶτῆς
1211 1535 1285 1597 δια-

180 1635 294 1710 λέξιως
313 1631 478 1714 γινομένης
500 1633 704 1713 έπιιιατέλαβε
732 1634 853 1717 πλῆθος
872 1637 1077 1720 στρατιωτῶν
1096 1630 1206 1709 όπλοις
1226 1658 1286 1699 κα-

180 1726 389 1818 τάφρακτον,
417 1728 472 1795 καί
494 1736 719 1817 περιχυθέντες
741 1733 942 1819 πανταχόθεν
971 1735 1056 1823 αότιβ
1081 1729 1285 1819 ἀνάρπαστον

183 1833 218 1897 έν
237 1837 295 1896 τοῦ
318 1829 439 1915 θρόνου
470 1836 580 1898 τοῦτον
602 1834 721 1915 α’τίμως
744 1839 924 1920 ἐπαίρουσι.
976 1835 1032 1901 καί
1050 1835 1170 1924 ἡμιόνῳ
1191 1838 1283 1901 καθί.
1336 1832 1342 1845 ’

135 1940 292 2012 liuntur
313 1932 512 2018 συνήλαυνον
533 1926 612 2019 όχρι
633 1939 688 2018 τής
709 1939 742 2002 όν
765 1941 968 2020 Βλαχέρναις
988 1930 1103 2021 όκτής·
1126 1935 1183 2001 καί
1202 1959 1284 2020 προ-

180 2030 365 2118 στάγματος
386 2034 604 2111 ιιαταπτόντος
623 2040 793 2116 βασιλικοῦ
814 2032 862 2101 ἔνι’
879 2038 942 2103 ταῖν
954 2037 1079 2119 λέμβων
1099 2041 1282 2115 σπουδαίως

179 2137 354 2220 έντιθεται,
375 2135 432 2201 καί
450 2131 618 2222 όπερόριος
639 2140 701 2202 τοῖν
727 2135 921 2202 όόιιιοόντων
945 2137 1027 2220 τόχα
1052 2137 1238 2222 όπερλαλοόν
1261 2136 1280 2200 d

180 2233 401 2323 ποιμενόρχής
429 2240 556 2318 primns.
607 2235 762 2314 ιόσαότως
789 2240 826 2302 oi
848 2235 904 2301 καί
931 2234 1012 2302 αότό
1035 2242 1092 2303 τοῦ
1112 2240 1222 2321 μένους
1241 2236 1279 2302 τό

179 2334 321 2421 φίλτατα
341 2343 396 2422 τῆς
417 2337 529 2418 όμοίας
547 2337 754 2422 α’πογεόονται
773 2335 882 2421 sime.

129 2445 171 2499 20
283 2437 383 2521 Φέρει
400 2440 437 2502 δέ
454 2442 601 2505 τοσοῦτον
619 2438 655 2504 τό
677 2437 781 2516 πόθος
801 2438 818 2503 ό
840 2437 919 2523 α’νήρ
940 2444 1152 2524 μικροψόχως
1170 2434 1282 2523 ›idre-

179 2542 268 2620 νοός,
299 2538 355 2603 uni
374 2544 536 2625 κατέσειορ
558 2538 617 2626 τήν
637 2543 742 2606 πίστιν
763 2542 864 2607 ednod
884 2538 920 2606 τό
943 2544 999 2623 τής
1033 2541 1182 2617 α’πιστίας
1202 2541 1281 2626 πρός

179 2637 287 2706 αότόν
306 2641 367 2705 τοό
383 2637 607 2720 βασιλεόοντος
621 2644 781 2725 τόλμήμας
810 2641 850 2706 ου’
868 2643 928 2722 μέν
943 2635 1011 2724 σόν,
1033 2642 1101 2706 sitt’
1126 2640 1281 2727 ειέιμόχως

174 2739 270 2824 μα’λα
294 2739 350 2806 καί
370 2743 522 2826 corruda,
544 2745 600 2809 καί
619 2746 659 2831 τῇ
679 2749 829 2833 καρτερίᾳ
860 2742 915 2809 τόν
937 2735 1011 2829 Ἰοόβ
1033 2746 1136 2834 πολλῷ
1158 2747 1203 2833 τῷ
1222 2767 1282 2809 πι-

252 2921 279 2974 5.
298 2922 473 2996 πολίσματος
492 2920 522 2976 G.

176 3068 289 3135 tollere,
309 3077 337 3122 et
354 3069 406 3122 hoe
424 3070 502 3123 modo
521 3068 641 3141 elingere
657 3070 865 3140 inquisitionem.
903 3071 1072 3140 quamohrem
1093 3071 1171 3123 etiam
1189 3064 1281 3123 archi.

178 3142 273 3210 angeli
292 3142 337 3194 die
357 3142 425 3195 iesto
446 3143 517 3194 eitra
535 3158 655 3204 mensem
667 3143 839 3194 novembrem
858 3143 982 3205 instante,
1001 3142 1115 3194 accessit
1135 3141 1167 3192 sd
1185 3155 1280 3194 mona.

176 3214 291 3265 sterium
309 3228 325 3263 a
343 3229 373 3264 se
393 3231 408 3265 e
428 3212 605 3266 fundamentis
625 3222 742 3265 ereetum
767 3212 916 3281 patriarcha
941 3212 985 3264 hio
1003 3211 1127 3273 michael,
1159 3220 1186 3262 et
1203 3226 1280 3263 moe.

173 3284 258 3335 nibus
276 3300 388 3353 magnae
409 3293 435 3336 et
454 3284 607 3339 indelebilis
627 3294 654 3337 et
672 3301 687 3336 ιι
705 3285 755 3335 deo
776 3285 862 3335 laetae
881 3283 954 3335 urbis
983 3298 1116 3352 egressus,
1136 3298 1179 3334 res
1199 3282 1279 3334 leatus

175 3356 299 3407 studiose
319 3356 427 3408 curabat
446 3360 473 3409 in
493 3352 703 3410 occidentalibus
731 3355 803 3407 urbis
823 3355 950 3422 partibus.
994 3369 1041 3407 rex
1060 3361 1147 3405 autem
1167 3353 1279 3405 uouebat

174 3427 268 3478 dolum
288 3436 315 3478 et
333 3427 449 3496 gladium
476 3428 642 3497 splendidum
662 3426 789 3491 iaciebat,
811 3434 837 3477 et
861 3428 991 3478 internum
1019 3427 1132 3476 animum
1152 3426 1279 3493 proximis

173 3498 337 3563 denudabat,
358 3508 384 3551 et
403 3502 499 3552 emittit
523 3502 652 3570 quendam
679 3498 846 3550 familiarium
861 3500 919 3568 ,qui
938 3506 967 3549 ut
985 3498 1108 3549 sacerdos
1128 3510 1278 3564 proseque-

172 3578 252 3620 retur
270 3572 422 3636 pontilicem
448 3573 587 3623 maximum
620 3578 728 3640 propter
752 3570 878 3640 quaedam
903 3570 1028 3636 mysteria
1055 3577 1081 3619 ei
1109 3567 1277 3619 occasionem

173 3643 352 3708 cogitationis
372 3643 502 3694 etiamne
522 3643 584 3695 huie
604 3642 773 3705 occluderet3
800 3650 826 3693 et
844 3641 982 3709 colloquio
1002 3640 1073 3691 lucto
1088 3640 1138 3691 sibi
1158 3639 1279 3691 adiunxit

172 3712 373 3765 multitudinem
400 3713 512 3765 militurn
537 3717 615 3766 armis
635 3716 757 3775 cinctam,
785 3719 812 3762 et
830 3712 983 3763 circumfusi
1001 3712 1119 3780 undique
1138 3713 1163 3762 ei
1183 3726 1277 3762 eorre-

170 3791 248 3851 ptum
276 3801 291 3834 e
318 3784 414 3836 tlrrono
441 3784 510 3835 hune
536 3788 649 3853 turpiter
677 3783 793 3847 tollunt,
820 3791 847 3834 et
870 3781 942 3832 mulo
961 3782 1128 3848 imponentes
1147 3781 1278 3834 ducebant

171 3870 236 3905 eum
256 3870 342 3924 usqae
361 3856 393 3906 ad
412 3854 475 3906 litus
494 3856 717 3919 Blachernarum,
737 3862 764 3904 et
789 3870 823 3905 ex
840 3854 914 3904 iussu
932 3854 1008 3920 regio
1028 3856 1073 3904 uni
1091 3853 1199 3906 linitum
1217 3861 1277 3905 stu-

170 3926 252 3978 diose
271 3928 416 3994 imponitur
435 3935 463 3978 et
481 3928 556 3979 exsul
576 3944 624 3996 pro
639 3929 737 3979 iniuste
751 3924 910 3976 iacientibus
926 3922 1039 3993 loquens
1050 3934 1184 3994 pastorum
1202 3940 1276 3976 suun-

170 4014 231 4049 suus
251 3999 296 4051 lit:
317 3999 410 4049 eodem
428 4007 517 4050 autem
536 4001 613 4052 modo
634 4000 712 4051 etiam
733 3998 790 4063 ipsa
808 3998 915 4065 generis
940 3999 1052 4050 maxime
1071 4006 1156 4050 amata
1174 4011 1277 4065 aequa..

170 4069 228 4120 lem
248 4070 392 4193 degustant
410 4069 550 4122 fortunam.

298 4149 339 4192 ert
357 4149 444 4192 autem
463 4149 563 4193 tantum
581 4141 678 4194 melum
697 4142 739 4193 vir
758 4155 841 4209 parvo
861 4142 947 4193 animo
968 4150 995 4193 et
1017 4141 1141 4211 ignobili,
1162 4146 1188 4190 et
1206 4150 1274 4186 con.

169 4213 258 4264 cussit
275 4213 334 4263 eius
353 4212 431 4264 iidem
451 4213 615 4265 infidelitatis
634 4214 662 4264 in
681 4228 740 4264 eum
759 4214 831 4282 regis
844 4212 999 4281 inceptum?
1017 4214 1096 4265 immo
1110 4225 1175 4264 vero
1196 4206 1275 4257 lorti.

169 4290 215 4335 ter
232 4282 315 4337 valde
334 4291 362 4335 et
378 4283 506 4337 nobiliter
534 4293 561 4337 et
585 4285 787 4353 perseverantia
814 4300 873 4337 eum
890 4283 982 4337 lobeni
1007 4283 1091 4337 multo
1110 4282 1210 4333 maiore
1229 4290 1275 4329 ra.
