3150 4986
389 364 460 448 aot
677 362 894 471 menania
923 334 1219 436 inurerer

385 552 536 635 βλαβείας
557 541 751 623 όπόδειμμας
782 532 858 603 ὅθεν
885 541 939 603 καί
957 535 1137 617 θαυμάζειν
1163 555 1220 614 μοι
1243 528 1348 596 ἔπεισι
1370 525 1487 603 πῶςολ

383 648 551 732 Ῥωμαίων
570 645 713 725 βασιλεῖς
733 636 806 713 τοός
828 636 951 713 εἰδότας
972 633 1096 718 ἔχοντες
1120 633 1242 697 πολλῶν
1262 628 1415 714 ἱστοριῶν
1438 627 1489 693 ταί

385 748 531 835 πράξεων
552 740 733 826 ἑπιννῶσεις
753 740 809 802 καί
828 734 929 819 τόχας
947 733 1098 820 λαμπρός
1118 735 1173 798 καί
1191 732 1342 807 ταπεινός
1360 732 1488 815 νενομί-

386 873 445 925 νας
466 846 499 926 ἐξ
521 846 630 912 αἰτιῶν
662 837 953 925 προφανεστότοον,
976 828 1021 899 ῶν
1049 837 1110 915 μὲν
1130 836 1164 897 ἐν
1185 834 1277 897 θείου
1301 831 1402 913 χόλου
1425 838 1489 903 τοῖς

388 949 663 1032 ἁμαρτανομένοις
686 939 835 1025 σφοδρῶς
850 934 1120 1017 όπαναπτομίνου,
1143 924 1188 998 ῶν
1210 930 1328 998 disiaci
1351 936 1510 1012 donizo-5

387 1049 499 1133 μα’τοσν
521 1048 681 1130 γλίσχρων
704 1041 758 1103 κατ’
780 1038 917 1119 α’γεννῶν
948 1034 1003 1100 καί
1022 1030 1183 1100 όνοικείοον
1205 1041 1271 1107 τοῖς
1294 1029 1489 1116 πράγμασιν,

388 1151 505 1214 ου’δίνα
526 1142 619 1229 λόγον
633 1140 739 1207 αότῶν
752 1135 947 1222 πεποίηνται,
970 1136 1041 1200 oo‘d’
1064 1136 1189 1213 α’ξιοῦσι
1210 1134 1268 1209 τός
1281 1133 1385 1206 αίτίας
1406 1157 1489 1211 μαν-

386 1245 499 1313 θόνειν
521 1249 554 1322 ἐξ
574 1234 619 1307 ῶν
638 1240 677 1306 τό
701 1242 833 1306 τοιαῦτα
862 1234 1095 1320 δυστυχήματα
1127 1236 1168 1318 τῇ
1185 1233 1352 1315 Ῥωμαίων
1374 1231 1490 1316 η’γεμο-

387 1354 439 1436 νίρι
452 1349 709 1431 προσπίπτουσιν·
726 1342 793 1405 ἀλλ’
808 1335 867 1419 ἔξω
882 1341 984 1422 πάσης
1000 1337 1117 1419 βουλῆς
1135 1336 1309 1421 θεοφιλοῦς
1322 1336 1378 1397 ναί
1391 1335 1493 1414 θερα-

336 1482 340 1491 ’
387 1450 480 1522 πείας
508 1445 565 1510 τοῦ
586 1445 677 1507 θειόυ
703 1438 758 1505 καί
783 1443 840 1524 τῆς
866 1444 929 1504 τῶν
950 1436 1094 1519 πατρίων
1115 1434 1221 1515 νόμοον
1241 1433 1493 1515 ἐπανορθώσεως
1502 1445 1531 1497 tt

388 1540 625 1626 ναθιστόμενοι,
639 1541 784 1624 ἀβούλως
800 1542 856 1606 καί
869 1538 1030 1622 προπετῶς
1041 1539 1087 1611 εἰς
1099 1539 1257 1615 πολέμους
1268 1530 1430 1616 μεγάλους
1442 1532 1496 1597 ναί

388 1641 563 1723 κινδύνους,
584 1643 629 1724 μὴ
652 1643 803 1725 πρότερον
824 1637 969 1704 τὸνθεόν
991 1635 1214 1716 ἑλισσόμενοι,
1237 1632 1295 1711 τὰς
1310 1632 1495 1713 Ῥωμαϊκὰς

369 1741 541 1825 ’δυνάμεις
563 1738 735 1824 εἰσάγουσι,
759 1743 814 1805 καί
834 1742 1006 1822 πάσχοντες
1021 1743 1123 1810 κακῶς
1138 1735 1194 1800 καί
1208 1731 1384 1818 ἦττῶμενοι
1408 1735 1496 1817 αλπη-

389 1843 451 1917 νῶς
473 1839 623 1926 αἴσθησιν
644 1841 685 1903 ου’
704 1839 904 1922 λαμβάνουσι
921 1838 977 1919 τῆς
997 1840 1031 1904 ἐν
1045 1839 1104 1901 τοῦ
1125 1836 1217 1901 θειόυ
1231 1836 1397 1915 νεμέσεως.
1422 1831 1492 1896 ἀλλ’

390 1940 421 2007 ολ
441 1942 542 2007 πόλει
559 1938 712 2022 Ῥωμαῖοι
736 1940 797 2023 οόχ
821 1935 905 2005 οότυ
927 1941 1110 2018 ποιοῦντες,
1127 1935 1185 2012 τός
1205 1930 1347 2020 φοβερός
1371 1937 1537 2009 tassiano

389 2048 445 2110 ταί
465 2044 575 2126 μόχας
605 2041 660 2106 καί
689 2045 880 2127 στρατηγίας
907 2038 1109 2123 κατώρθουν,
1139 2031 1220 2101 diti
1241 2034 1353 2117 καίπερ
1379 2036 1440 2117 την
1461 2036 1497 2099 ds

389 2148 447 2209 τοῦ
468 2145 547 2206 θεοῦ
569 2138 664 2223 λόγου
679 2143 736 2205 καί
754 2144 809 2223 τῆς
830 2142 865 2204 εἰι
886 2142 942 2222 τῆς
962 2138 1104 2223 όρρητου
1124 2134 1179 2201 καί
1196 2134 1387 2220 ὑπερφυοῦς
1411 2156 1499 2216 σαρ-

388 2243 516 2320 ιαόσεοος
539 2243 641 2307 ου’τοό
660 2244 715 2306 κατ’
735 2239 812 2306 κατό
835 2235 924 2305 τόνδε
945 2238 997 2305 τὸν
1013 2238 1131 2319 κόσμον
1152 2237 1421 2319 συναναστροφῆς
1442 2254 1499 2299 νο-

390 2349 548 2426 μοθεσίαν
567 2347 677 2427 μηκέτι
707 2342 855 2423 λαβόντες
877 2342 931 2404 ἐπί
949 2338 984 2403 τό
1009 2341 1114 2415 σέβειν
1144 2336 1184 2403 τό
1208 2342 1282 2401 θεῖα
1304 2337 1361 2421 καί
1380 2333 1500 2416 α’ρετῆς

392 2446 629 2510 ἀντιποιεῖσθαι
643 2446 697 2506 καί
718 2439 793 2515 τοός
813 2445 868 2523 τῆς
886 2443 1096 2523 α’γαθοεργίας
1118 2438 1235 2520 νόμους
1258 2436 1314 2500 καί
1327 2426 1543 2515 εόσεβείαςθθ

391 2545 448 2609 καί
467 2541 685 2627 καθαρότητος
713 2537 861 2622 ε’νθόμως
891 2547 1015 2624 τηρεῖν,
1049 2535 1136 2619 ὅμως
1155 2541 1193 2624 τῇ
1214 2537 1336 2623 φυσικῇ
1356 2538 1501 2616 μεγαλο-

394 2644 538 2729 φροσόνη
561 2642 639 2727 πρὸς
662 2643 719 2718 τός
742 2644 859 2707 τούτων
891 2638 1130 2724 παρατηρήσεις
1160 2636 1317 2719 νουνεχῶς
1339 2632 1500 2700 ἐπαιδεύ-

394 2762 476 2821 οντο,
496 2741 551 2805 καί
571 2740 658 2827 εἴπερ
681 2747 756 2809 ποτὲ
775 2746 892 2826 συνέβη
914 2741 953 2826 τῇ
966 2739 1074 2829 Ῥοίμη
1095 2738 1158 2806 εἴτε
1171 2734 1262 2824 ἥττης
1284 2734 1502 2822 δυσκλὴρημι

465 2922 508 2977 18.
527 2927 705 2998 νομοθεσίας
721 2924 751 2980 ὓ.

387 3106 514 3171 ,babeant
533 3122 590 3174 eos,
610 3107 656 3176 qni
677 3106 794 3160 calleant
813 3107 994 3178 cognitionem
1011 3105 1150 3158 muitarum
1176 3106 1346 3159 historiarum
1362 3112 1390 3158 et
1408 3121 1503 3158 rernm

397 3187 425 3231 et
443 3179 563 3231 fortunat
584 3178 737 3244 splendidas
756 3185 783 3229 et
805 3178 929 3242 Ιιυταίλεε,
951 3185 1022 3229 ortas
1044 3180 1132 3230 causis
1151 3178 1375 3230 manifestissimis
1402 3180 1502 3245 parti·

387 3250 436 3302 ‘ira
455 3251 546 3302 divina
565 3252 684 3316 peccatis
705 3248 880 3302 vehementer
897 3250 985 3313 addita
1004 3250 1097 3315 partim
1123 3248 1243 3301 consiliis
1267 3250 1377 3300 minutis
1409 3256 1436 3300 ot
1453 3251 1504 3318 ig.

387 3319 532 3377 }'nobilibns
552 3327 579 3371 et
597 3321 629 3371 ad
648 3335 691 3371 res
709 3335 764 3371 non
783 3322 861 3388 aptis,
883 3320 981 3373 nullam
1010 3320 1139 3371 rationem
1158 3336 1249 3372 eorum
1274 3319 1418 3372 habuerint
1446 3335 1504 3371 ne.

391 3406 451 3460 >que
470 3392 595 3443 studeant
613 3405 707 3441 causas
727 3406 904 3458 cognoscere,
924 3391 1019 3459 quibus
1041 3390 1104 3442 talia
1122 3391 1192 3443 mala
1212 3392 1503 3455 Graecorumirnperio

395 3462 527 3525 accident,
546 3461 593 3512 aed
614 3469 688 3513 extra
708 3477 786 3513 enine
804 3462 945 3514 consilium
964 3462 1015 3512 deo
1034 3471 1173 3530 acceptum
1193 3470 1220 3514 et
1251 3462 1353 3514 cultum
1383 3462 1504 3513 numinis

298 3573 302 3581 .
395 3533 481 3585 divini
504 3539 531 3584 et
548 3534 747 3584 restitutionem
768 3531 857 3600 legum
888 3533 1030 3600 patriarum
1059 3536 1171 3598 versati,
1196 3533 1380 3601 imprudenter
1409 3540 1435 3583 et
1455 3535 1504 3583 in.

395 3604 499 3655 cautino
520 3602 637 3656 inbelle
657 3619 752 3673 magna
772 3612 798 3655 et
818 3604 948 3671 pericula,
968 3619 1021 3655 non
1040 3612 1119 3657 antea
1147 3606 1197 3658 deo
1226 3605 1354 3672 placato,
1383 3603 1504 3656 Graecos

395 3675 530 3724 exereitus
552 3675 650 3727 ducant
668 3682 695 3725 et
713 3674 782 3726 male
801 3675 888 3725 affecti
909 3684 936 3725 et
948 3676 1018 3726 'victi
1039 3675 1195 3739 crudeliter,
1214 3690 1267 3727 non
1286 3674 1506 3726 animadvertant

394 3741 511 3792 divinans
532 3744 669 3797 ultionem.
707 3747 754 3798 sed
769 3745 849 3812 prisci
870 3745 980 3797 Romani
999 3760 1052 3797 non
1071 3748 1111 3799 sic
1125 3755 1248 3815 agentes,
1276 3744 1412 3797 terribiles
1436 3744 1505 3795 ilias

397 3811 426 3892 ei
444 3826 546 3879 pugnas
567 3824 593 3866 et
611 3816 796 3884 expeditiones
824 3814 941 3868 feliciter
966 3817 1103 3885 agebant:
1123 3826 1150 3870 at
1177 3832 1333 3901 quamquam
1361 3815 1437 3868 verbi
1456 3816 1506 3868 di-

397 3882 467 3962 vini,
483 3886 598 3947 mystico
617 3896 643 3937 et
662 3903 741 3955 supra
758 3897 877 3940 naturam
896 3888 973 3939 niodo
992 3888 1121 3940 incarnati
1142 3897 1213 3941 etin
1239 3887 1291 3940 boc
1315 3887 1414 3939 mundo
1434 3902 1507 3938 ver.

402 3956 454 4004 sats
472 3948 560 4017 legem
578 3969 632 4006 non
651 3968 812 4025 acceperant
830 3959 861 4011 ad
880 3959 993 4011 colenda
1012 3959 1103 4011 divina
1124 3968 1150 4011 et
1167 3961 1293 4012 virtutem
1313 3959 1458 4027 petendam
1478 3966 1510 4008 et

400 4021 479 4090 leger
499 4021 705 4078 beneficientiae
724 4038 751 4078 et
768 4031 876 4095 pietatis
896 4038 922 4081 et
941 4031 1103 4099 integritatis
1120 4032 1240 4084 studiose
1258 4030 1453 4095 observentias,
1463 4040 1513 4083 ta-

396 4109 459 4148 men
483 4093 598 4145 naturali
619 4099 834 4163 magnanimitate
853 4102 885 4152 ad
907 4101 998 4152 barum
1017 4117 1106 4152 rerum
1125 4101 1341 4156 observationem
1360 4104 1515 4171 prudenter

398 4165 581 4222 educabantur
604 4176 684 4235 atquo
705 4169 728 4219 ai
748 4172 852 4238 qnando
883 4172 982 4223 accidit
1007 4172 1108 4225 Romae
1133 4176 1192 4226 sive
1221 4175 1304 4226 cladis
1331 4175 1516 4227 iniortuninan

401 4241 461 4299 sivo
481 4246 512 4292 ut
527 4240 632 4309 signnm
651 4254 706 4292 non
728 4240 842 4294 faustum
866 4252 1017 4310 appareret,
1034 4244 1144 4298 multam
1165 4244 1342 4299 instituebant
1352 4247 1517 4314 interroga·
