3168 4988
542 364 748 432 msuouli„
937 358 944 363 ’
991 309 995 312 Α
1142 368 1215 439 285

108 525 209 605 χεῖρα
232 512 347 585 τούτου
368 520 495 610 πολέμῳ
517 529 732 614 κραταιοτέρφ
754 531 941 613 πεποίηκεν,
963 522 1060 597 sitas
1075 536 1135 598 τοῦ
1153 538 1219 615 βα-

38 616 42 627 ’
110 621 226 695 αιλίοτς
249 618 404 704 πρότερον
423 622 526 689 δεινόν
542 628 606 690 κατ’
630 625 733 689 αύτού
755 625 984 712 μελετησαντος
1007 631 1062 698 καί
1082 637 1144 717 τῆς
1159 632 1220 699 τού

109 712 149 784 eti
178 723 233 805 ζῆν
262 725 370 811 ἐκείνῳ
408 725 566 810 ἀφορμῆς·
585 725 640 790 καί
667 733 826 811 σωτηρίας
860 728 1101 818 φθονήσαντος,
1134 734 1355 800 dilui-mbr.

109 821 407 908 προκαταλαβόντος
435 822 491 909 την
522 828 643 891 ε’κείνου
677 830 856 912 βηριοοδίαν
888 834 1136 925 φιλανθρωπίη,
1160 839 1217 901 καί

85 925 262 1007 ὀπρέοβεις
289 926 511 1006 ἐκπέμψαντος
539 925 747 1017 τηνηείρήνην
775 931 1099 1015 ἀιακηρυκευομένους
1120 934 1216 1022 αύτῷ,

113 1027 171 1088 κατ’
199 1023 403 1108 ἀντάλλαγμα
432 1025 548 1113 ταύτης
575 1026 632 1111 την
662 1030 828 1112 Καίσαρος
859 1026 960 1115 τύχην
985 1037 1215 1119 προφέροντας,

113 1127 168 1199 ιἵνα
197 1123 245 1208 μη
273 1121 310 1188 τύ
344 1127 452 1209 σχῆμα
481 1131 544 1192 τῶν
578 1130 715 1193 πεδιλοον
755 1130 811 1193 καί
837 1130 892 1213 τῆς
924 1122 1020 1217 ἄλλης
1048 1138 1217 1218 περιβολῆς

112 1222 292 1310 ἐναλλαγήν
313 1250 384 1291 τινα
404 1229 541 1312 ἀέξηται.
584 1231 740 1312 ἐπεκύρου
766 1233 801 1294 δὲ
825 1228 940 1296 τούτου
969 1236 1023 1300 καί
1043 1233 1102 1310 τύς
1120 1233 1217 1317 τιμάς

112 1322 151 1403 ἀς
173 1324 249 1403 τούς
271 1333 512 1411 συναραμένους
534 1327 621 1420 αύτῷ
632 1335 786 1418 τετίμηκε,
806 1331 862 1397 καί
881 1335 1059 1419 ἀμνηστίαν
1077 1340 1140 1401 ταῖν
1160 1361 1217 1401 πε-

71 1430 305 1510 λθπραγμίνοον
325 1431 431 1494 κακοῖν
451 1438 679 1513 περιεποιεῖτο,
706 1436 761 1496 καί
767 1477 774 1491 .
789 1437 852 1497 πάν
871 1436 1018 1517 θυμῆρες
1039 1435 1123 1523 αύτῷ
1145 1438 1216 1502 δια-

112 1528 299 1611 πράξασθαι
321 1532 571 1613 καθυπισχνεῑτο
597 1528 612 1594 o‘
634 1530 795 1614 βασιλεύς.
839 1533 911 1598 iot
933 1527 1079 1617 ἀτεγκτος
1100 1529 1138 1619 ἦν
1161 1538 1217 1601 καί

112 1625 283 1713 ἀτεράμων
301 1632 356 1692 καί
377 1626 601 1716 ύπερηφανας,
629 1638 683 1696 κατ’
706 1637 761 1715 τῆς
782 1636 946 1715 βασιλείας
965 1632 1009 1718 μη
1032 1633 1216 1721 ἀφιστάμε-
1302 1622 1307 1629 ’

111 1751 164 1804 νος
194 1731 314 1805 πολλὰς
345 1728 478 1805 ἀπειλάς
509 1731 565 1796 καί
594 1732 826 1818 βυμοφθόρους
853 1732 1029 1811 ἐπιστολὰς»
1054 1736 1217 1823 ἀντεπῆγε,

110 1826 168 1893 καί
187 1834 424 1914 Χριστιανικοίς
441 1830 555 1912 αἵμασι
576 1841 682 1915 κρῖναι
695 1832 753 1916 την
774 1834 1013 1921 ἀμφισβήτησιν
1033 1828 1140 1920 ἤθελε,
1161 1838 1216 1902 καί

71 1935 227 2016 15ααρξίν
250 1933 466 2016 ἀνθρωπίναις
484 1934 598 2014 κόσμον
622 1930 726 2023 ἑαυτῷ
745 1939 949 2021 περιποιῆσαι
969 1935 1142 2020 βασίλειον,
1162 1935 1217 2002 καί

111 2035 221 2098 πᾶσαν
241 2030 298 2116 την
316 2036 418 2096 κτίσιν
438 2036 642 2117 περιδονῆσαι
668 2029 688 2118 ἢ
709 2035 855 2120 δεύτερος
881 2040 1021 2123 φανῆναι
1047 2042 1107 2104 τού
1124 2040 1215 2124 τύγε-

113 2130 269 2199 νεστάτου
290 2136 446 2214 βασιλέως
469 2131 523 2198 καί
540 2133 761 2217 γενναιοτάτου
782 2137 886 2225 ᾐρείτο
903 2138 956 2202 καί
976 2135 1215 2222 διεσπαύδαζεν,

111 2228 194 2299 ὅπλα
218 2234 273 2297 καί
291 2228 398 2315 μύχας
420 2232 626 2317 εύτρεπίζιον,
649 2238 705 2300 καί
724 2245 790 2311 τοῖς
809 2236 952 2312 πολίταις
970 2238 1112 2320 χαλεπὰς
1132 2237 1215 2301 ἀντο-

111 2332 341 2415 ταμιενύμενος
355 2326 504 2414 ἀμοιβάς,
516 2337 580 2398 ,καί
590 2331 677 2399 ἀπαν
697 2335 876 2419 ἀνατρέψαι
889 2335 924 2401 τύ
936 2334 1114 2418 Ῥοτμαῖκύν
1132 2340 1214 2421 βαρ·

69 2438 255 2520 λθβαρικιός
275 2434 493 2518 λυγιζόμενος·
518 2435 567 2499 διὸ
591 2436 646 2502 κατ’
666 2435 761 2503 πάλιν
786 2437 801 2503 ὃ
822 2437 1032 2523 γαληνότατος
1053 2435 1216 2519 βασιλεύς,

111 2537 167 2600 καί
186 2527 286 2609 ὅντως
316 2535 465 2621 μαθητής
500 2541 558 2602 τοῦ
592 2536 649 2621 τὴν
671 2534 797 2624 εἰρήνην
818 2539 1031 2623 βραβεύοντος
1058 2543 1216 2622 βασιλέως

111 2636 167 2701 καί
182 2639 353 2718 βασιλεύοι
373 2636 409 2701 so*
424 2634 537 2721 κρίτος
558 2643 762 2723 παρέχοντος,
785 2640 937 2721 δευτέραν
955 2642 1127 2725 πρεσβείαν
1147 2636 1215 2718 ἰξί-

111 2751 234 2819 πεμψε,
256 2740 421 2824 παραινῶν
454 2736 540 2826 αύτῷ
569 2738 605 2802 τὸ
635 2742 801 2824 συμφέρον
833 2742 1002 2828 φρονῆσαι.
1046 2738 1099 2807 καί
1115 2738 1215 2827 μὴίξ

114 3046 180 3098 dere
199 3043 402 3110 sustinebatur
420 3061 525 3098 manum
544 3046 622 3098 buius
650 3044 725 3099 bello
744 3045 909 3097 violentiore
927 3046 1047 3115 redegit,
1067 3061 1126 3097 eum
1145 3044 1215 3100 nibil

116 3132 166 3168 rex
186 3126 266 3170 antea
297 3119 411 3170 immane
429 3120 456 3169 in
482 3134 540 3169 eum
559 3118 699 3169 meditatus
719 3125 791 3168 esset
814 3116 859 3168 uel
879 3115 974 3167 beatae
994 3118 1068 3167 ritae
1088 3117 1113 3167 ei
1132 3131 1215 3169 occa.

113 3189 220 3240 sionem
241 3198 268 3240 et
285 3187 398 3241 salutem
419 3190 570 3253 invidisset,
589 3188 636 3240 sed
653 3187 846 3254 praevertisset
864 3185 938 3238 iliius
955 3187 1141 3238 immanitatem
1161 3187 1215 3238 bu.

112 3262 262 3323 manitate,
291 3267 318 3311 et
343 3259 446 3327 legatos
472 3261 588 3312 misisset
605 3275 697 3326 paoem
720 3259 887 3310 nuntiaturos
913 3258 939 3309 ei
958 3266 985 3308 et
1003 3258 1115 3324 pretium
1135 3256 1215 3310 buius

113 3331 248 3383 fortunam
261 3330 382 3384 caesaris
400 3340 592 3399 proponentes,
609 3347 644 3381 ne
657 3329 773 3381 habitum
788 3328 939 3381 calceorum
957 3336 984 3381 et
1003 3330 1085 3380 ceteri
1103 3331 1214 3381 amictus

112 3405 288 3455 mutationem
312 3402 393 3454 ullam
417 3404 573 3469 acciperet:
603 3401 774 3454 confirmabat
791 3408 878 3453 autern
895 3400 972 3452 buius
991 3400 1069 3451 etiarn
1087 3399 1214 3465 bonores,

113 3475 212 3541 quibus
231 3475 321 3526 socios
338 3489 402 3526 snos
421 3473 609 3539 honoraverat,
629 3482 656 3525 et
673 3472 837 3526 oblivionem
853 3472 981 3524 iacturum
1000 3470 1129 3522 malorum
1148 3486 1215 3538 pro.

113 3546 244 3612 ponebat,
264 3552 292 3596 et
310 3546 397 3596 omnia
416 3553 491 3615 grata
510 3561 540 3597 se
565 3547 590 3596 ei
610 3545 790 3612 perfecturum
815 3542 986 3611 promittebat
1001 3557 1058 3594 rex.
1095 3541 1146 3593 ille
1163 3558 1215 3594 το.

112 3624 167 3668 tem
186 3615 363 3668 inexorabilis
390 3624 448 3668 erat
467 3625 494 3668 et
521 3618 601 3669 durus
630 3626 657 3668 et
682 3616 812 3684 superbus
830 3630 953 3681 nequeo
977 3628 1062 3681 regno
1081 3614 1214 3666 desistens

112 3687 211 3741 multas
231 3696 259 3738 et
277 3686 385 3738 acerbas
405 3688 532 3754 epistolas
558 3687 720 3755 opponebat,
740 3696 766 3739 et
787 3686 996 3741 christianorum
1015 3686 1146 3753 sangnine
1163 3686 1215 3739 de.

113 3773 228 3811 eernere
248 3761 458 3810 controversiam
478 3758 602 3824 volebat,
632 3768 659 3811 et
677 3773 758 3810 earne
777 3756 909 3809 bominum
929 3763 1049 3809 ornatum
1068 3757 1119 3809 sibi
1138 3771 1214 3810 eom.

112 3846 209 3898 parare
230 3832 333 3897 regium
353 3838 380 3881 et
396 3838 476 3881 totum
494 3831 585 3883 sedem
605 3845 700 3883 eruere
726 3845 805 3897 quam
824 3827 956 3880 secundus
975 3830 1113 3894 apparere‘
1125 3830 1157 3881 sb
1176 3827 1215 3880 it.

112 3900 277 3954 lustrissimo
294 3916 360 3969 rege
381 3909 408 3953 et
425 3901 603 3953 nobillissimo
628 3900 744 3952 malebat
761 3898 947 3966 studebatque,
976 3914 1048 3951 arma
1067 3907 1094 3951 et
1112 3914 1214 3970 pugnas

113 3988 211 4025 οατιαε
241 3981 268 4025 et
293 3972 397 4025 civibus
418 3972 545 4025 difficiles
562 3972 710 4024 recondens
737 3985 852 4037 poenas,
873 3978 900 4020 et
917 3972 1070 4022 universum
1090 3981 1214 4024 evertere

114 4043 296 4096 Romanorum
319 4044 456 4111 imperium
476 4043 586 4096 barbare
605 4043 749 4094 meditans:
768 4039 937 4110 quamobrem
958 4042 1036 4094 etiam
1054 4058 1145 4095 rursns
1163 4056 1214 4108 ps-

113 4117 265 4168 estissimus
285 4131 333 4167 rex
352 4123 379 4166 et
406 4130 504 4167 terere
532 4113 679 4180 discipulus
704 4114 788 4182 regis,
806 4115 852 4181 qui
879 4128 972 4180 paoem
995 4115 1158 4165 administrat
1187 4118 1215 4162 et

111 4187 225 4255 regibus
244 4188 390 4254 potentium
408 4186 536 4253 praebet,
563 4184 673 4236 alteram
692 4184 854 4252 legationem
871 4186 961 4248 misit,
980 4186 1124 4236 admonens
1143 4197 1213 4247 eum,

111 4267 140 4313 ut
162 4258 231 4311 utile
251 4259 384 4327 cogitaret
403 4273 475 4312 nere
496 4257 672 4327 imprudentis
694 4256 830 4310 laberetur
852 4256 1049 4323 ineptissimis.
1087 4261 1145 4308 erut
1161 4268 1214 4306 au·
1287 4308 1293 4317 ,
