3182 4986
348 324 397 407 tt
637 330 860 401 urculuurs
887 328 1146 439 sunmerso

348 500 482 582 αόμενον
506 499 550 561 δι’
581 495 692 561 ου’τοό.
744 494 786 566 ὥς
816 498 845 559 δ’
875 497 1078 573 ἀπεπέμπετο
1108 493 1163 559 καὶ
1189 492 1270 559 κατὰ
1292 489 1452 577 χόρονό

345 600 561 685 θηρευόμενοι
582 594 685 677 ἔμενε,
706 600 763 662 κοί
779 621 808 662 τι
831 597 991 687 προύργου
1015 592 1147 677 πράξειν
1166 591 1453 679 α’πηνοιοχόντοον

346 701 377 768 ol
398 698 433 766 όν
452 699 547 788 αότρῖ,
569 695 813 789 προσαρόσσειν
828 705 896 774 τοῖς
917 698 1038 770 κιόπαις
1062 694 1118 759 οόκ
1139 698 1173 772 ἐξ
1194 695 1345 770 ου’πλοίας
1365 717 1453 777 σχη-

345 799 558 884 ματιζόμενει.
611 799 823 872 διασωθέντος
854 801 960 862 τοίνυν
988 799 1045 861 rori
1064 799 1223 878 βασιλέως
1251 792 1385 877 όότγοῦς
1416 796 1453 859 όν

344 912 409 979 τοῖς
441 900 641 985 α’νακτόροις,
681 901 751 965 dues*
788 902 845 964 κοί
880 894 897 959 ό
927 896 1040 964 τοότου
1071 894 1273 983 ου’τόόελφος
1307 894 1363 960 διό
1393 896 1479 979 solen

347 1001 467 1089 όγοροῖς
491 996 605 1087 προῄει
632 1003 917 1084 προπορευομένοον
954 1002 1058 1063 odron*
1089 999 1145 1062 καί
1177 993 1453 1081 περικόκλοόντττν

348 1103 548 1188 στρατιωτῶν
565 1100 795 1184 ίγχεσιμόχονν,
820 1099 967 1163 διάλυσιν
987 1097 1150 1182 ε’λόμβανε
1168 1094 1207 1162 τό
1221 1098 1275 1180 τῆς
1286 1096 1452 1171 στόσεττς·

202 1200 489 1286 ί.181ν.τοτ”ιγόρ
512 1194 612 1267 όλλοο
635 1200 778 1284 πλήθους
800 1201 857 1283 τῆς
876 1199 997 1276 πόλεως
1015 1199 1060 1284 μή
1091 1199 1367 1280 συνοποστιιτῆοοι
1391 1201 1454 1261 θε-

335 1302 501 1387 ,λήσαντος
522 1304 577 1366 καί
595 1301 879 1387 συνόιοφθαρῆνοι
913 1302 954 1386 τῇ
982 1303 1043 1365 τοόν
1072 1295 1248 1379 ίπιβοόλιον
1277 1293 1452 1379 σκαιότητι,

348 1401 448 1489 φόβος
468 1405 619 1484 κατέσχεν
647 1398 775 1476 ου’τοός.
830 1404 885 1465 καί
912 1397 943 1465 οἱ
976 1403 1036 1481 μὲν
1060 1397 1281 1484 ἐπισημότερον
1311 1394 1366 1460 καί
1391 1395 1452 1473 τός
1462 1423 1497 1477 ςρ

347 1498 548 1584 τόπλισμένας
569 1494 631 1586 ἤδη
646 1499 955 1585 παραγομνοόσοντες
977 1506 1019 1591 τῷ
1033 1502 1161 1589 μεγόλρι
1183 1497 1239 1563 καί
1258 1498 1452 1588 περιωνόμητ

347 1604 414 1689 sup
433 1605 491 1685 τῆς
510 1604 569 1666 τοό
589 1605 670 1665 θεοῦ
693 1604 810 1687 σοφιάς
825 1603 1058 1686 προσέδραμον,
1085 1597 1144 1684 την
1165 1599 1363 1682 περίψυχῆς
1383 1623 1451 1663 ooo·

344 1704 456 1786 κηρίον
476 1703 542 1766 τοόν
560 1695 664 1766 όλλοον
686 1697 843 1782 όπόντοον,
861 1700 1037 1785 χρημάτων
1066 1702 1101 1765 ιε’
1121 1723 1229 1785 φαμεν
1251 1698 1306 1762 καί
1324 1693 1451 1782 κτημό-
1562 1724 1563 1735 ¹

345 1799 739 1882 ross,.cs‘ssnliurrdpsoos·
783 1799 812 1865 ol
834 1804 870 1866 dd
893 1806 1004 1865 λαθεῖν
1024 1801 1269 1886 οίηόόντεςόπί
1289 1798 1347 1872 τός
1371 1794 1451 1862 ἑαυ-

345 1905 409 1966 τοόν
429 1904 589 1978 κατοικίας
609 1903 664 1964 κοί
683 1901 857 1976 συναυλίας
879 1895 986 1983 ἓτόρας
1008 1897 1296 1984 διεσκεόόσθησαν.
1331 1900 1452 1979 όξῆλθε
1463 1921 1496 1974 15

347 2004 382 2067 δὲ
403 1999 458 2066 καί
479 1999 497 2064 ό
518 2001 574 2085 τῆς
606 1999 727 2078 πόλεως
760 1999 899 2085 ἔπαρχος
920 1999 1019 2082 'perd‘
1043 1998 1077 2065 τό
1102 1999 1159 2084 την
1184 1997 1314 2083 πολλήν,
1333 1995 1370 2062 τό
1393 1997 1454 2061 τοῦ

344 2099 448 2185 λόγου,
469 2105 650 2187 repertun»
670 2102 849 2182 θόλοσσαν,
870 2102 904 2167 τὸ
928 2110 1122 2189 φλεγμαῖνον
1151 2100 1206 2164 κοτ’
1225 2094 1326 2173 αότός
1347 2119 1453 2162 κοτα-

345 2203 500 2283 οτόλλονν,
521 2204 579 2266 καί
599 2204 753 2287 συνεμίγη
775 2204 819 2290 τῷ
848 2205 907 2267 τοῦ
935 2206 1093 2284 βασιλέως
1115 2199 1266 2283 όμαίμονι
1290 2194 1371 2262 κατό
1393 2194 1455 2277 τόν
1562 2224 1563 2257 ι

347 2301 470 2387 τίγορόν
487 2304 702 2385 προοόεόοντι.
724 2293 807 2386 ἦσαν
830 2304 892 2387 γὰρ
915 2303 1145 2385 ἀναλαβόμενοι
1166 2301 1281 2376 πάντες
1303 2295 1454 2380 ἑαυτοός,

347 2404 403 2468 καί
422 2397 540 2467 τοότονν
560 2405 808 2486 συγκροτοόντες
835 2404 873 2468 τό
895 2403 1081 2489 νικητήρια,
1109 2404 1165 2465 καί
1191 2407 1256 2476 τοῖς
1276 2400 1501 2483 pacatiano„
1562 2478 1563 2481 Ἴ

346 2498 381 2569 τό
401 2504 516 2591 κρότος
537 2500 791 2588 όπικροτοόντες,
823 2508 878 2568 κατ’
903 2501 964 2570 σόν
992 2501 1169 2589 εόφημίαις
1187 2503 1243 2567 καί
1262 2499 1455 2583 θυμιόμοσι

347 2610 511 2683 πλείσταις
531 2604 590 2692 την
609 2604 799 2691 προπομπὴν
829 2603 1045 2689 ἐργαζόμενοι.

441 2705 495 2781 Ὡς
526 2707 561 2771 dd
593 2705 784 2781 κατόστασις
812 2703 889 2790 ἔσχε
916 2706 971 2769 καί
991 2705 1126 2803 νηνεμία
1146 2703 1238 2771 τουτί
1264 2701 1301 2769 τό
1324 2706 1454 2769 κλυότό.

345 2827 434 2885 νιον,
461 2808 517 2872 καί
540 2804 694 2888 παντελὴς
720 2807 920 2893 πληροφορία
953 2813 1019 2882 τοῖς
1048 2804 1122 2889 περί
1157 2802 1211 2869 τόν
1235 2807 1374 2888 βασιλέα
1395 2808 1456 2870 καί

347 3114 411 3174 poto
429 3103 474 3172 qui
493 3102 638 3158 studiosius
658 3120 690 3158 eo
710 3107 833 3160 terretur.
872 3120 931 3156 cum
949 3112 1037 3156 autom
1059 3103 1152 3156 volere
1171 3105 1277 3157 iuberet
1301 3118 1349 3155 eos
1376 3110 1404 3153 et
1421 3104 1453 3155 in
1562 3093 1563 3163 Ϊ

347 3177 408 3229 luco
427 3190 476 3228 sno
494 3176 594 3242 petitus
617 3188 751 3242 maneret,
778 3180 857 3229 etium
876 3175 983 3244 lougius
1003 3176 1065 3245 quid
1084 3175 1175 3228 lacere
1201 3190 1249 3227 eos
1269 3190 1324 3226 uon
1345 3174 1453 3240 puduit,

346 3248 425 3299 remis
445 3246 577 3315 indigere,
597 3249 667 3315 quod
688 3263 741 3301 uon
761 3256 870 3316 propter
889 3247 999 3299 inustum
1018 3248 1217 3315 navigationem
1236 3249 1343 3315 siguum
1361 3245 1456 3296 lucie.

345 3319 418 3369 baut.
456 3325 562 3370 servato
582 3320 664 3386 igitur
684 3335 749 3388 rege
768 3323 868 3371 intacto
887 3320 914 3369 in
933 3321 1017 3387 regie,
1038 3333 1095 3368 cum
1116 3319 1195 3370 etiam
1216 3319 1294 3370 huius
1308 3319 1392 3369 irater
1402 3331 1455 3382 per

347 3389 432 3441 lorum
460 3390 667 3455 progrederetur
689 3390 875 3443 autecuntibus
908 3392 933 3440 ei
953 3397 980 3441 ct
999 3389 1157 3455 stipantibus
1178 3406 1237 3441 eum
1256 3388 1386 3440 militibus
1404 3403 1454 3439 ar.

346 3461 432 3523 matis,
452 3459 649 3513 dissolvebatur
673 3461 779 3513 seditio.
818 3478 877 3512 curn
897 3464 967 3513 enim
987 3461 1091 3529 reliqua
1110 3461 1252 3514 multitudo
1270 3460 1346 3512 urbis
1364 3458 1456 3511 nollet

347 3548 405 3583 cum
424 3532 458 3582 iis
476 3531 593 3584 delicere
612 3540 639 3584 et
656 3531 741 3584 deleri
766 3533 947 3585 insidiantium
972 3533 1142 3596 temeritate,
1171 3539 1256 3584 metus
1282 3547 1330 3583 eos
1354 3532 1452 3582 tenuit.

346 3610 425 3670 atquo
454 3602 615 3655 illustriores
642 3603 747 3673 quidem
772 3605 817 3656 vel
846 3605 953 3657 ordines
978 3608 1091 3655 armatos
1109 3603 1330 3673 derelinquentes
1349 3603 1399 3653 iam
1418 3603 1454 3653 ad
1562 3634 1563 3647 ι

347 3688 471 3740 maguum
498 3683 525 3725 et
549 3676 649 3728 clarum
677 3678 826 3743 supientiae
844 3677 886 3727 dci
907 3676 1031 3742 templum
1053 3684 1228 3726 accurrerunt
1246 3676 1320 3726 uitae
1339 3673 1453 3725 salutern
1562 3672 1563 3719 i

348 3745 446 3794 ceteris
466 3744 586 3798 omuibus
607 3747 695 3811 rebus,
715 3750 837 3815 pecuniis
855 3748 960 3798 scilicet
973 3755 1000 3798 et
1014 3746 1109 3810 bouis,
1128 3753 1278 3809 mutantes,
1297 3744 1345 3797 alii
1364 3754 1453 3796 sutem

348 3813 433 3863 latere
464 3830 494 3865 se
522 3825 646 3882 putentes
671 3821 699 3871 iu
724 3835 786 3871 sues
813 3819 904 3870 domos
931 3828 958 3870 et
981 3819 1137 3870 deversoria
1160 3817 1214 3868 ulia
1239 3815 1354 3883 dispersi
1380 3822 1452 3866 sunt.
1562 3856 1563 3863 ,

349 3898 474 3952 egressus
492 3893 578 3936 antem
602 3897 642 3939 est
661 3891 739 3940 etiam
758 3890 816 3942 urbi
836 3890 989 3957 praelectus
1006 3896 1067 3956 post
1084 3887 1195 3940 multum
1221 3890 1303 3938 ictum
1326 3901 1398 3937 unsre
1422 3894 1456 3937 ut
1562 3882 1563 3891 ’

349 3962 390 4005 est
414 3955 441 4004 iu
466 3956 610 4020 prouerbio
641 3958 754 4025 llagrans
789 3963 897 4027 etipse
922 3961 1117 4025 compositurus
1142 3967 1169 4009 ct
1193 3959 1309 4010 accessit
1327 3958 1361 4009 ad
1378 3959 1456 4025 regis
1562 3960 1563 4027 ]

349 4026 457 4077 fratrom
475 4026 504 4075 io
524 4025 581 4076 iuro
601 4030 805 4091 procedentem:
825 4032 1023 4100 recollegerunt
1043 4033 1112 4082 enisu
1130 4046 1161 4080 se
1180 4046 1291 4094 omncs,
1311 4038 1338 4080 et
1358 4029 1457 4080 luorum

349 4095 535 4161 comparebant
561 4098 690 4147 victorine
709 4104 841 4165 praemio,
870 4112 896 4153 ct
915 4104 1023 4170 regibus
1044 4104 1183 4153 victoriam
1203 4101 1402 4169 applaudebant
1426 4109 1459 4151 et
1562 4152 1563 4159 ,

349 4166 470 4223 laudibus
490 4174 518 4219 et
536 4166 614 4219 tlrure
633 4168 715 4220 multo
745 4185 864 4240 pompam
891 4174 1032 4226 iaciebant.
1562 4161 1563 4177 ¹

466 4238 607 4311 Postquam
634 4247 721 4295 autem
755 4246 911 4311 compositio
936 4247 1022 4299 tenuit
1049 4254 1076 4297 et
1102 4253 1241 4298 uentorum
1273 4242 1461 4313 tranquillitas
