3222 5000
586 378 828 465 rnrsrrrro.
1031 332 1047 369 ⁵
1214 393 1249 441 n

164 546 238 619 dem
261 546 509 619 bibliothecae
535 548 728 644 catalogus,
756 571 775 617 a
802 547 879 617 viro
895 542 1006 617 docto
1023 543 1161 616 Millero
1179 568 1249 617 nu·

162 696 219 767 per
246 671 363 744 editus
379 672 416 759 ¹).
983 766 986 773 Ι
1143 750 1145 755 ‚

254 795 285 866 ls
305 797 414 892 igitur
440 794 568 888 codex,
594 795 872 893 decimiquarti,
896 809 936 867 ut
956 793 1111 889 ridetur,
1124 796 1250 891 seculi,

163 921 241 1023 olim
270 920 516 993 bibliothecae
542 921 711 992 Matthaei
740 921 919 1014 Danduli,
956 919 1061 991 initio
1098 944 1140 993 ac
1171 919 1246 992 fine
1321 913 1324 919 “

161 1045 313 1138 mutilus,
341 1045 408 1117 lert
436 1047 472 1117 in
499 1046 618 1117 fronte
641 1043 705 1117 sed
739 1071 850 1117 manu
882 1044 1079 1116 recentiori
1116 1044 1250 1116 lemma

163 1167 260 1240 illud:
287 1169 448 1266 Μιχαὴλ
475 1169 747 1240 Ἀτταλειάτου
768 1163 942 1268 χρονικὸν
968 1168 1160 1269 ἀκέφαλον
1188 1165 1251 1237 καὶ

162 1294 369 1377 ἀτέλεστον,
397 1294 472 1365 α’πὸ
499 1292 560 1377 τῆς
587 1294 781 1391 βασιλείας
798 1295 961 1392 Μιχαὴλ
984 1290 1053 1364 τοῦ
1078 1293 1251 1390 Τρααλοῦ

162 1417 267 1513 μέχρι
293 1415 356 1500 τῆς
381 1414 575 1515 βασιλείας
602 1420 762 1517 Μιχαὴλ
787 1417 857 1489 τοῦ
881 1416 1029 1499 Δουκός.

262 1541 364 1615 Unde
391 1569 521 1615 omnes
548 1544 620 1615 lere
648 1547 683 1616 in
703 1570 862 1617 errorem
888 1542 1027 1615 inducti
1053 1560 1147 1619 sunt.
1178 1547 1252 1619 Do-

162 1682 233 1739 ctus
258 1681 382 1739 tamen
410 1668 790 1767 quidamanonymus
817 1671 969 1767 margini
984 1671 1176 1770 adscripsit
1187 1697 1253 1745 au·

162 1793 383 1865 notationem
416 1793 531 1865 illam:
567 1794 672 1888 „Non
707 1808 743 1865 te
780 1793 966 1893 decipiant
996 1797 1253 1895 inscriptiones

161 1920 366 2014 appositae,
398 1918 465 1990 sed
497 1920 624 1990 conler
656 1919 823 1991 codicem
857 1920 956 1992 hunc
989 1920 1252 2020 cumGeorgii
1372 1940 1378 1946 ,
1472 1927 1476 1939 ,

159 2038 312 2115 Cedreni
340 2044 531 2115 annalibus
567 2044 820 2142 graecolatinis
845 2045 1029 2141 impressis
1052 2046 1210 2118 Basileae
1232 2070 1253 2118 a

157 2192 233 2264 pag.
250 2164 327 2239 414
355 2169 448 2240 linea
474 2150 724 2240 ultimail'lius
751 2169 933 2262 editionis,
960 2183 996 2241 et
1021 2169 1163 2242 ridebis
1196 2171 1254 2242 io-

158 2294 284 2387 primis
318 2294 380 2365 hic
406 2295 533 2365 haberi
562 2295 726 2366 ultimam
753 2308 894 2391 partem
930 2293 1104 2365 historiae
1134 2294 1253 2390 illius,

159 2418 296 2501 scilicet
324 2443 343 2489 a
371 2418 495 2490 medio
533 2420 688 2516 imperio
715 2410 900 2489 Michaelis
928 2404 1035 2489 Balbi
1059 2442 1176 2513 usque
1209 2416 1255 2490 ad

159 2541 285 2638 linem,
315 2569 426 2640 quem
443 2543 556 2616 linem
578 2543 701 2616 ridere
719 2543 845 2615 estlol.
862 2545 933 2620 ¹267
949 2542 1080 2641 pagina
1094 2541 1255 2616 secunda

157 2668 263 2742 huius
291 2668 442 2765 codicis.
507 2669 578 2742 Sed
598 2694 639 2741 ea
665 2695 746 2767 pag.
772 2665 932 2740 secunda
961 2669 1070 2740 huius
1104 2668 1164 2739 tot.
1181 2670 1253 2742 267

155 2797 324 2892 sequitur
349 2795 535 2868 Michaelis
561 2794 756 2869 Attaliotae
790 2792 835 2865 ad
865 2794 1123 2889 imperatorem
1147 2794 1257 2867 Bota-

155 2920 292 2992 niatem
317 2945 387 3016 pro
414 2920 565 2991 historia
593 2919 750 3017 perlecta
783 2942 893 3013 quam
927 2918 1072 3014 scripsit
1103 2917 1256 3015 epistola

154 3041 398 3137 dedicatoria,
426 3058 463 3116 et
489 3044 633 3116 rotent)
662 3042 823 3113 historia.
852 3041 1062 3140 imperfecta
1084 3041 1256 3137 utrinque

154 3184 214 3263 est,
229 3173 255 3252 ²)
286 3171 428 3242 scilicet
453 3171 500 3240 ah
521 3171 649 3241 ultimo
678 3168 833 3263 imperio
854 3165 1038 3236 Michaelis
1052 3165 1256 3260 Paphlago-

154 3294 205 3366 nis
232 3319 360 3391 nsque
387 3294 434 3366 ad
461 3294 673 3364 Michaelem
691 3292 848 3383 Ducam,
874 3291 931 3361 cui
959 3286 1259 3389 successitNiee·

153 3419 297 3514 phorus
327 3421 555 3511 Bolaniates,
583 3443 659 3514 quo
686 3429 854 3512 tempore
889 3413 1054 3485 floruisse
1080 3411 1258 3508 probatur

150 3544 208 3619 hic
236 3545 407 3642 scriptor
434 3545 497 3640 qui
525 3545 578 3614 sic
603 3543 742 3614 lacerus
768 3538 814 3612 ad
838 3562 905 3611 nos
931 3532 1133 3634 pervenit-5⁴
1183 3533 1258 3607 lni-

149 3671 239 3745 tinm
267 3669 654 3743 historiaehttaliatae
682 3678 719 3737 et
728 3660 1129 3760 cuiusqueparagraphi
1139 3659 1259 3759 prima

247 3913 283 3982 1)
306 3906 462 3975 Catulogne
480 3907 527 3959 des
548 3905 621 3960 MSS.
641 3918 721 3973 greca
749 3901 782 3952 de
807 3900 832 3951 la
860 3896 1046 3967 bibliotheque
1070 3896 1104 3949 (le
1123 3893 1255 3950 l'Escnrla

147 4023 189 4074 pu
208 4008 242 4062 E.
269 4004 378 4062 Miller.
417 4003 492 4056 Paris
514 4002 580 4054 1848
598 4016 624 4069 p.
640 3999 698 4052 136.

242 4109 279 4177 2)
304 4103 389 4157 Initio
410 4102 518 4152 unicum
539 4098 632 4150 lolium
652 4097 747 4149 deesse
761 4094 892 4145 vitetur·
910 4090 1000 4169 perbis
1020 4082 1048 4144 ri
1065 4090 1111 4156 τῆς
1130 4090 1260 4159 loroplrrr

148 4241 178 4255 ..
199 4243 207 4257 .
228 4204 265 4256 sd
289 4199 379 4254 rerba
400 4191 520 4267 Msxnil
541 4191 649 4254 Δουκός
673 4192 722 4247 τοῦ
739 4193 897 4246 dretturer)
917 4186 965 4239 tot.
989 4184 1040 4238 168
1058 4184 1159 4237 eodlels
1180 4178 1259 4239 cols.
