3182 4986
587 348 795 425 araneam.
1193 350 1241 421 73

137 521 191 588 τὸν
211 522 350 604 βασιλέα
380 518 529 584 κατιόντα
556 523 600 607 τῷ
627 521 770 606 κυδοιμῷ
797 518 1144 604 κατεπτσημίνον,θκοί
1163 518 1242 603 πρὸς

138 623 177 688 τά
191 626 343 703 βασίλεια
355 624 509 703 μέλλοντα
524 623 761 709 παραγενέσθαι
777 621 832 684 καί
843 623 1143 705 κατοσφαλισθῆναι
1162 618 1242 704 πρὸς

138 722 197 807 τῆν
224 719 413 806 ἐπιβουλήν,
441 719 460 784 ’ἀ
489 722 612 798 πάντας
640 720 819 803 ἀναγκαίως
848 720 978 805 ποιῆσαι
1007 726 1118 786 τοῦτον
1146 723 1242 804 προί-

138 844 250 906 κειτο,
279 820 495 898 ἀποδέξωνται
526 832 591 897 τοῖς
618 817 742 887 ἑαυτῶν
770 821 913 897 ἀκατιόις
941 819 997 886 καί
1026 823 1169 905 πελάγιοι
1187 844 1243 903 γε-

112 925 270 1003 5νόμενοι
302 923 346 1008 τῆν
382 926 477 1011 βυθῷ
507 923 749 1008 παραδώσουσι.
802 924 857 989 καί
894 916 932 1006 ῆν
962 923 981 1006 ἧ
1010 921 1120 1007 γνάμη
1156 921 1243 1006 ἀσινῆ

137 1047 189 1099 τις
219 1025 276 1087 καί
295 1015 449 1107 ἀφνκτος,
474 1022 528 1087 καί
556 1024 756 1105 πανταχόθεν
784 1026 926 1106 nodedun
957 1013 1163 1109 τό-θῆραμα
1192 1018 1247 1086 καί

138 1124 331 1198 πλεκτάναις
361 1125 442 1189 κατά
463 1148 498 1208 γε
525 1123 583 1207 τῆν
610 1118 813 1209 ἀνθρωπίνην
841 1122 1010 1190 ἀσθένειαν
1035 1122 1148 1188 τοῦτον
1168 1147 1245 1205 συγ-

139 1226 381 1308 κατασχεθῆναι
412 1228 468 1289 καί
495 1227 679 1309 θηραθῆναι
711 1222 905 1309 συνάγουσα.
957 1226 1015 1288 τοῦ
1044 1225 1079 1288 tl
1115 1224 1245 1289 διασκε-

140 1325 292 1405 δάζοντος
323 1324 444 1405 βουλάς
481 1327 584 1389 ε’θνῶν
617 1323 672 1389 καί
699 1323 868 1408 Ιλογισμοάς
905 1323 1094 1399 ἀθετοῦντος
1123 1323 1245 1407 ἀρχόν-

97 1425 205 1491 1(ίτων
238 1426 368 1508 Κυρίου
393 1424 619 1508 ἀπερίτρεπτος
653 1431 793 1507 με’νουοα
822 1420 839 1510 ῆ
868 1425 967 1508 βονλῆ
999 1424 1056 1499 τάς
1082 1414 1145 1489 τάν
1173 1428 1245 1509 γηί-

141 1549 204 1589 νων
225 1529 402 1608 σκαιωριάς
423 1526 620 1609 παρίσφαλε,
642 1528 698 1589 καί
718 1529 793 1607 παρ’
810 1527 923 1590 ἐλπίδα
944 1522 1000 1607 τῆν
1021 1525 1186 1610 σωτηρίαν
1199 1524 1241 1612 τῷ
1338 1560 1340 1567 1

140 1624 372 1713 ἀπεγνωσμένην
384 1628 607 1707 πανταρχικάς
622 1626 807 1710 ἐχαρίσατο.
830 1619 872 1700 ἀς
890 1625 953 1709 γάρ
975 1623 994 1708 ῆ
1010 1622 1120 1699 στάσις
1141 1623 1244 1707 ἀνῆψε

141 1728 198 1789 καί
232 1721 374 1807 θόρυβος
407 1725 617 1810 ἀνερριπίσθη
637 1726 756 1808 πολύς,
780 1728 818 1790 σί
836 1749 870 1790 τε
893 1729 1034 1809 ἀγγελίαι
1058 1721 1245 1810 φθάνουσαι

141 1818 236 1908 ἓτίρα
261 1823 319 1908 τῆν
340 1820 448 1909 ἑτέραν
467 1828 511 1913 τῷ
530 1829 662 1907 βασιλεῖ
670 1829 910 1914 προσεφοίτησε,
932 1826 1018 1892 καίὸ
1040 1828 1140 1910 δῆμος
1161 1819 1246 1901 ἀπας

96 1936 132 1989 15
141 1934 361 2010 συνεκροτεῖτο
377 1926 432 1992 καί
450 1929 685 2011 συνηθροίζετο,
707 1928 762 1992 καί
774 1930 919 2012 ταραχῆς
941 1918 1138 2011 Ιτίηῆργοντοὶ
1161 1923 1242 1990 κατά

139 2025 201 2110 τῆν
225 2024 318 2091 πόλιν
339 2019 501 2108 ἀνάμεστα
525 2031 581 2091 καί
600 2024 785 2112 συγχύσεως
815 2028 1094 2110 συσκευασάμενος
1115 2018 1244 2102 adreci
1317 2012 1321 2021 ¹

138 2126 296 2209 βασιλεάς
331 2122 398 2208 ἅμα
427 2129 466 2214 τῆ
497 2128 667 2218 Αάγούστγη
697 2132 752 2192 καί
771 2137 835 2203 τοῖς
863 2131 895 2207 ἐξ
925 2128 1030 2193 adrat
1050 2133 1245 2213 γεννηθεῖσιν

141 2228 188 2300 είς
214 2223 270 2308 τῆν
290 2230 412 2309 γείτονα
433 2231 589 2313 κατῆλθον
620 2227 732 2314 ἀκτῆν,
759 2230 818 2315 Δκαί
837 2226 881 2312 μῆ
905 2225 1050 2312 εὖρὸντες
1071 2230 1133 2293 τῶν
1151 2224 1246 2309 βασι-

141 2328 242 2391 λικῶν
263 2329 381 2391 πλοίων
402 2328 473 2393 τινά
495 2331 540 2404 τίς
561 2327 597 2393 τὸ
628 2331 848 2415 προοορμίσαν
868 2329 938 2392 νέον
967 2324 1001 2392 ἔκ
1020 2349 1103 2403 τινος
1125 2322 1247 2410 ἀπροό-

93 2441 227 2496 waren
247 2422 304 2490 καί
326 2427 430 2504 δεξιᾶς
450 2428 558 2513 τύχης,
578 2432 700 2512 μᾶλλον
722 2431 757 2493 δὲ
773 2428 923 2511 προνοίας
944 2428 1084 2513 ἀρρήτου
1102 2420 1255 2511 θελῆμα-’

139 2551 209 2605 τος,
230 2527 416 2612 ἀρχοντικὸν
435 2528 612 2615 πλοιάριον,
631 2531 673 2604 nic
695 2525 780 2613 εἶχον
804 2531 954 2615 σπουδῆς,
976 2528 1146 2613 ἀνέβησαν.
1189 2527 1244 2593 καί

138 2630 206 2695 τῶν
229 2630 401 2709 βασιλείων
434 2628 517 2694 anet
551 2630 609 2713 ’τῆς
642 2633 779 2713 εἰρεσίας
808 2628 947 2716 ἀγοάσης
978 2632 1184 2711 ε’ντικατίλαβτ
1212 2625 1247 2694 τὸ

137 2732 200 2813 τῆς
227 2728 359 2804 ἀνοσίας
377 2734 495 2815 βουλῆς
514 2729 705 2817 μετεσχηκὸς
730 2732 871 2810 ἀκάτιον,
894 2732 1105 2817 τὸνβασιλέα
1126 2753 1249 2814 προκα·

138 2825 299 2911 λοάμενον
320 2833 479 2896 εἰσελθεῖν
508 2835 542 2897 ίν
573 2830 658 2919 edroi
679 2831 723 2907 ἀς
756 2832 1003 2920 σπουδαιότερον
1024 2834 1121 2919 δῆθεν
1141 2833 1249 2918 ἀχθη-

218 3014 259 3068 16.
279 3012 390 3077 ebruc?
498 3020 541 3072 22.
565 3021 766 3091 ἐπικοτέλαβον
792 3020 821 3075 G.

139 3182 266 3245 insidias,
287 3181 313 3232 id
337 3182 406 3248 quod
426 3184 534 3234 omnino
552 3186 706 3235 necessario
732 3183 802 3235 buno
828 3184 956 3235 iacturum
984 3182 1146 3249 apparebat,
1172 3183 1248 3234 anci.
1344 3232 1346 3235 ,
1430 3231 1434 3235 .

41 3262 47 3269 ’
138 3261 241 3324 pereat
262 3253 318 3303 suis
338 3251 462 3304 lintribus
481 3262 508 3304 et
526 3256 548 3304 si
568 3255 594 3305 in
616 3254 670 3306 alto
690 3263 781 3306 essent
797 3256 897 3324 gurgiti
918 3253 1060 3304 traderent.
1098 3260 1178 3320 atque
1191 3263 1249 3307 erat

137 3324 281 3380 sententia
300 3323 357 3375 dira
383 3331 411 3373 et
428 3325 593 3386 inevitabilis
613 3334 639 3377 et
659 3327 776 3394 undique
795 3334 899 3377 torrens
918 3326 1019 3388 leram,
1048 3333 1075 3375 et
1093 3322 1178 3392 plagis
1198 3340 1247 3391 pro

138 3396 281 3450 bominum
302 3394 455 3446 infirmitate
475 3395 545 3447 buna
565 3405 593 3449 ut
611 3400 795 3449 contineretur
815 3406 841 3449 et
865 3402 1001 3465 peteretur
1019 3395 1161 3446 adducens.
1198 3397 1248 3449 de..

138 3465 275 3522 struentis
302 3474 390 3516 autem
410 3469 556 3519 sententias
576 3470 695 3535 gentium
715 3478 742 3521 et
759 3471 877 3521 rationes
897 3466 1017 3519 tollentis
1029 3468 1177 3533 principum
1197 3468 1249 3519 do.
1343 3483 1350 3491 ’

137 3540 209 3591 nini
236 3538 310 3588 druia
334 3538 468 3588 sententia
498 3540 647 3591 mortalium
675 3540 754 3607 impia
779 3540 893 3592 consilia
922 3538 1072 3590 aberrantia
1089 3537 1204 3589 reddidit
1223 3546 1249 3590 et

137 3617 254 3679 praeter
272 3623 346 3674 spem
365 3608 478 3660 salutem
496 3611 637 3677 desperato
657 3614 854 3678 omnipotenter
873 3610 991 3661 donavit.
1031 3624 1089 3660 cum
1112 3610 1182 3660 enim
1201 3627 1248 3663 sa.

136 3683 213 3734 ditio
241 3679 367 3746 flagraret
395 3688 421 3731 et
448 3681 575 3733 tumultus
598 3698 707 3750 magnus
728 3684 906 3743 excitaretur,
933 3688 960 3730 et
977 3681 1062 3733 nuntii
1081 3680 1150 3732 alius
1168 3681 1249 3734 alium

136 3753 323 3805 anteveniens
348 3751 379 3802 ad
409 3766 499 3818 regern
525 3752 708 3816 deferrentur,
735 3761 761 3804 et
787 3751 900 3820 populus
928 3754 1013 3803 omnis
1038 3754 1198 3805 conveniret
1223 3763 1250 3805 et

135 3830 310 3891 cogeretur,
339 3830 366 3873 et
392 3823 549 3874 turbationis
576 3833 647 3876 esset
667 3824 728 3875 urbs
752 3824 832 3891 plena
851 3832 877 3874 et
896 3823 1077 3875 contusionis:
1096 3841 1126 3877 se
1146 3828 1250 3892 paravit

134 3897 186 3947 bie
216 3909 264 3944 rex
291 3892 368 3943 simul
395 3910 453 3945 curu
479 3895 599 3961 Augusta
624 3904 650 3947 et
668 3897 723 3946 suis
742 3894 835 3946 liberis
855 3902 882 3946 et
899 3894 1065 3947 devenerunt
1083 3897 1115 3947 ad
1135 3898 1249 3949 vicinam

133 3970 228 4033 ripam
254 3972 282 4015 et
307 3980 366 4014 cum
390 3980 444 4015 non
464 3967 616 4017 invenirent
640 3968 772 4034 regiarum
798 3969 905 4019 navium
933 3967 1014 4019 ullam
1040 3970 1177 4036 navigium
1197 3971 1249 4019 im.

134 4037 307 4106 peratorinm
329 4037 399 4102 quod
418 4052 503 4103 nuper
530 4038 669 4106 appulerat
688 4052 735 4103 pro
756 4039 866 4105 quadam
885 4039 1029 4105 improvisa
1048 4049 1076 4092 et
1085 4040 1178 4094 dextra
1191 4040 1248 4091 lor.

133 4120 216 4170 tana,
236 4108 296 4158 sive
314 4108 403 4174 potius
423 4109 502 4158 tacita
521 4110 707 4176 providentiae
727 4109 875 4174 voluntate,
895 4119 924 4161 ut
942 4119 1018 4161 erant
1029 4113 1115 4164 studio
1136 4112 1247 4173 incitati,

133 4179 331 4233 accederunt.
370 4187 449 4248 atqua
466 4195 524 4231 oum
542 4184 633 4251 regias
647 4180 727 4231 remis
746 4189 868 4249 peterent
886 4185 1001 4234 assecuti
1022 4182 1246 4247 suntpartictpern

134 4253 218 4320 impii
237 4251 347 4302 consilii
368 4250 484 4314 lintrem,
504 4262 697 4320 provocantem
716 4268 816 4321 regom,
837 4262 866 4305 ut
883 4256 910 4305 iu
927 4271 987 4307 eum
999 4252 1247 4321 ingrederatpnut·
