3222 5000
373 354 439 404 vrri
567 334 806 406 wnltttsttltt
836 334 1014 400 esuum
1032 336 1097 411 ,DE
1132 332 1282 402 rursm

263 627 268 635 .
369 520 556 595 adducens
570 523 739 595 Pluerum
757 520 791 614 ¹),
819 519 981 617 denique
1007 520 1186 592 ttaenetns
1211 520 1251 591 V.
1261 516 1311 590 Cl.
1328 520 1366 607 ²).
1380 519 1471 611 lle-

250 710 263 723 .
369 673 431 719 mo
453 661 592 741 tamen,
619 647 721 745 quod
744 647 869 739 sciam,
892 645 1116 717 mentionem
1137 644 1222 717 lecit
1245 643 1383 716 codicis
1408 644 1473 715 bi·

372 773 580 845 bliothecae
597 772 817 865 parisiensis,
843 771 1022 868 adquam
1050 784 1177 841 tamen
1200 769 1318 842 doctis
1343 770 1472 842 bomi-

371 899 479 969 nibus
515 911 550 968 et
585 896 765 994 indigenis
799 910 835 967 et
869 895 1069 993 peregrinis
1101 895 1291 966 facillimus
1323 920 1474 992 semper

372 1023 439 1094 luit
465 1022 594 1095 aditus.
655 1022 781 1118 Neque
810 1020 1081 1092 Montelalconii
1116 1015 1297 1118 catalogus
1331 1020 1473 1091 biblio·

368 1147 498 1219 thecae
524 1146 780 1239 coislinianae,
806 1170 882 1241 quo
911 1146 1121 1217 continetur
1141 1142 1286 1217 Codicis
1311 1147 1380 1219 136
1406 1169 1472 1216 ao-

371 1287 494 1345 curata
517 1271 728 1368 descriptio,
751 1277 780 1358 ³)
807 1271 913 1342 ullius
941 1285 981 1341 ut
1005 1270 1149 1343 videtur
1168 1271 1314 1343 salivam
1341 1271 1470 1343 morit

367 1398 552 1494 Nusquam
579 1398 676 1467 enim
693 1396 806 1467 ullum
824 1397 945 1467 locum
960 1396 1069 1467 huius
1084 1396 1258 1467 historiae
1281 1394 1471 1468 laudatum

371 1523 505 1620 reperi,
529 1546 650 1618 neque
671 1522 708 1591 in
726 1522 898 1618 glossario
926 1520 1070 1592 mediae
1096 1535 1132 1593 et
1157 1520 1305 1593 infimae
1329 1523 1473 1620 graeci-

371 1648 454 1719 tatis
465 1647 664 1742 Gangiano,
697 1671 817 1743 neque
844 1648 882 1717 in
909 1648 1021 1743 ipsius
1031 1646 1300 1719 Montesalconii
1318 1648 1473 1744 palaeo-

372 1754 525 1869 graphia
547 1796 685 1869 graeca.
714 1771 950 1870 Quapropter
976 1772 1204 1869 simulatque
1230 1773 1351 1843 inveni
1375 1796 1473 1869 opus

373 1897 495 1970 adbuc
518 1923 635 1997 paene
662 1898 903 1997 incognitum,
931 1898 1021 1969 nihil
1047 1897 1234 1993 antiquius
1260 1896 1470 1993 duriquam
1584 1914 1591 1933 ‘

376 2037 416 2094 ut
442 2004 644 2095 accuratam
673 1996 811 2095 codicis
833 2023 1097 2095 Escoriacensis
1122 1998 1351 2118 acquirerem
1370 2023 1473 2094 noti-

373 2149 474 2222 tiam.
527 2150 668 2222 Etenim
697 2150 727 2220 is
753 2146 869 2221 codex
896 2174 915 2219 a
943 2147 1121 2219 Michaele
1149 2146 1282 2240 Balbo,
1314 2148 1343 2217 si
1374 2145 1472 2219 fides

370 2275 517 2347 Labbeo
542 2276 757 2347 acFabricio
785 2272 1009 2367 adhibenda,
1035 2273 1107 2344 hoc
1134 2286 1187 2344 est
1213 2273 1259 2343 ab
1286 2272 1472 2346 annosus

368 2402 514 2474 initium
552 2401 747 2498 sumpsisse
789 2399 1001 2492 dicebatur,
1039 2411 1162 2470 noster
1195 2411 1374 2470 contra‘a
1401 2397 1474 2469 Mi-

345 2527 496 2599 'chaele
518 2518 779 2623 Paphlagone,
796 2550 892 2596 anno
918 2536 1062 2595 tantum
1081 2519 1178 2597 1034
1204 2523 1345 2621 incipit.
1396 2521 1476 2596 Sed

372 2651 501 2724 frustra
527 2651 681 2746 llagitavi
714 2663 754 2722 ut
779 2651 870 2722 haec
896 2675 976 2721 mea
998 2647 1107 2721 dere
1133 2648 1395 2722 illa'dubitatio
1421 2654 1476 2720 si·

314 2840 321 2846 .
375 2775 611 2875 gnificatione
646 2775 766 2872 aliqua
789 2775 987 2848 tolleretur.
1049 2801 1147 2863 anno
1182 2772 1331 2845 tandem
1373 2769 1476 2847 1842

370 2900 780 2999 EduardusLaboulaye
807 2899 1017 2973 academiae
1031 2899 1311 2996 inscriptionum
1339 2899 1480 2994 socius,

374 3026 583 3125 Hispaniam
612 3051 817 3125 peragrans,
843 3052 915 3123 qua
943 3027 1010 3097 luit
1035 3049 1180 3123 semper
1202 3025 1240 3096 in
1267 3050 1326 3096 me
1354 3025 1479 3098 bene-

370 3152 542 3247 volentia,
561 3164 687 3250 rogatu
701 3177 785 3224 meo
802 3151 1075 3224 Scoriacensem
1087 3150 1351 3224 bibliothecam
1366 3148 1477 3243 adiit,

258 3276 260 3280 ’
369 3277 536 3352 codicem
565 3278 715 3370 invenit,
737 3277 905 3374 inspexit,
934 3278 1107 3375 misitque
1133 3275 1226 3347 mibi
1251 3274 1479 3370 descriptio-

320 3500 330 3515 ·
372 3431 472 3501 nem,
498 3428 609 3503 quam
629 3403 732 3475 omni
756 3417 859 3500 parte
885 3402 1143 3500 comprobavit
1156 3383 1345 3477 accuratus
1372 3401 1481 3473 eius-

381 3622 615 3638 ——0——d-

472 3769 502 3837 1)
521 3768 548 3819 io
567 3767 709 3822 ltiuersrio
728 3784 778 3837 per
796 3768 967 3836 Hisponism,
986 3766 1093 3835 Lipsius
1113 3765 1190 3819 1777.
1212 3782 1238 3834 p.
1259 3766 1317 3819 182.
1383 3776 1385 3779 ’

470 3890 501 3958 2)
523 3888 646 3958 catalogi
675 3891 802 3943 librorum
820 3890 893 3945 tiss.
938 3890 1044 3957 Lipsiae
1071 3888 1147 3942 1830.
1177 3890 1221 3956 qni
1255 3896 1343 3940 umen
1367 3885 1479 3941 fallitur

268 3994 275 4003 ’
373 4003 632 4058 ἱπᾱίοιω“οοᾱίοοω
651 4003 688 4084 Ι18
706 4003 775 4056 Plut.
793 4003 816 4055 l.
835 4020 899 4056 nrm.
917 4008 951 4058 Σ.
973 4018 1026 4072 qno
1046 4003 1217 4055 continentur
1235 3999 1374 4054 llichsells
1394 4001 1481 4069 Apo.

372 4114 448 4169 stolil
468 4118 542 4171 varia
559 4119 667 4185 scriptu.

469 4238 501 4308 3)
520 4236 692 4292 Bibliotheca
703 4237 869 4295 cointium
886 4238 949 4290 olim
963 4237 1137 4307 segniorem.
1158 4236 1266 4292 Psrlsiis
1287 4233 1356 4289 ltro
1375 4249 1402 4303 p.
1416 4234 1485 4289 106.
