3168 4988
389 336 464 414 cot
656 330 899 433 ,mensum
929 328 1189 448 λττλειοτλε

277 513 282 521 ’
328 532 353 555 ·
388 508 488 595 βάτοι
508 510 570 573 τῶν
591 496 693 587 όρκιον
714 503 769 564 καί
790 501 854 563 τῶν
875 500 1042 582 συνθηκῶν
1063 497 1293 583 έχρημότιοαν.
1338 493 1411 564 ἄλλ’
1436 492 1498 564 υό-

389 634 442 685 τος
477 611 614 695 α’τρέστιρ
645 606 701 667 καί
726 599 854 684 odyssea·
869 604 911 688 spi
935 598 1137 686 φρονήματι,
1160 602 1199 687 τῇ
1228 605 1300 690 θείη
1331 598 1436 690 ψήφῳ
1457 600 1494 668 τό

390 710 459 778 κατ’
480 708 580 773 αὐτὸν
603 708 796 787 ἐπιτρέψας,
820 700 936 766 οὐθένα
959 701 1049 782 λόγον
1072 698 1191 765 τοότων
1215 706 1393 785 πεποίηκεν,
1413 700 1495 765 ἄλλό

389 805 565 894 συμβαλών
593 804 653 897 τός
674 806 837 887 ’πονηρίας
858 804 912 865 καί
933 805 1129 878 ἀτασθαλίας
1152 803 1273 883 αότιόν,
1295 800 1350 866 καί
1371 803 1414 881 ὥς
1438 794 1497 867 dt-

390 921 458 987 λως
477 910 613 984 Ἁλαίας
633 910 687 970 καί
707 908 895 988 λωβητῆρας
915 900 1068 981 εόθόμως
1088 901 1210 978 τούτοις
1233 904 1521 985 ἀποσεισάμενος,5

390 1016 443 1079 ἵνα
463 1008 507 1094 μη
538 1004 766 1091 καυχήσωνται
790 1007 1015 1085 συμβαλέσθαι
1036 1000 1137 1092 τοότην
1165 1002 1246 1083 πρὸς
1271 1002 1307 1067 τό
1332 1007 1498 1087 προκείμε-

390 1137 443 1180 νον
470 1112 664 1190 σποόόασμα
695 1110 750 1171 καί
783 1105 842 1189 την
871 1109 926 1189 τῆς
947 1107 1113 1185 βασιλείας
1137 1101 1305 1186 α’νόβασιυ,
1328 1107 1384 1169 καί
1403 1107 1501 1171 ατίτοί

390 1214 449 1290 τοὶς
470 1214 653 1295 εὐεργεσίας
674 1204 809 1284 ἀναξίους
831 1209 1045 1287 κομίσωνται,
1068 1206 1124 1287 τῆς
1145 1202 1330 1288 ὁδοιπορίας
1351 1205 1500 1289 ἀπάρχε-

389 1339 453 1380 ται.
497 1310 526 1376 οἶ
549 1312 580 1374 δ’
603 1307 839 1395 ἐφεδρεύοντες,
864 1308 975 1369 πολλοί
997 1303 1053 1368 καί
1068 1301 1272 1387 πανταχόθεν
1292 1310 1497 1393 συρρέοντες,

392 1416 532 1501 ου’ρόυντυ
559 1416 618 1493 μὲν
649 1410 692 1485 τός
725 1408 860 1487 σκύμνοι
893 1409 947 1470 καί
979 1405 1200 1469 καθυλυὶκτσυν
1231 1405 1276 1481 αἱς
1307 1405 1420 1487 κόνις,
1452 1409 1497 1484 είς
1508 1424 1536 1475 10

395 1525 506 1600 χεῖρας
542 1515 576 1577 δέ
604 1511 705 1600 τοότην
736 1511 843 1574 έλθεῖν
877 1508 932 1570 καί
960 1503 1096 1585 πόλεμον
1127 1506 1284 1591 σορρόξαι
1319 1503 1410 1595 φόβην
1444 1506 1500 1571 καί
1573 1580 1574 1583 ¹

392 1616 491 1703 φρίκη
515 1614 719 1698 συνείχοντο,
754 1612 857 1675 καίτοι
876 1606 1023 1682 πολλάκις
1053 1610 1098 1683 τίς
1119 1607 1213 1671 τοότο
1234 1610 1412 1692 μεταβῆναι
1436 1630 1497 1688 με.

391 1712 628 1793 τακαλοόμενοι.
685 1713 756 1775 ἀλλ’
783 1705 888 1792 ὥσπερ
916 1709 970 1772 έπί
997 1710 1061 1772 ruis
1084 1707 1289 1792 Ἰσραηλιτῶν
1309 1711 1497 1792 γέγραπται,

390 1818 445 1899 τῆς
476 1816 619 1896 ἐρυθρᾶς
653 1816 826 1896 τμηθείσης
863 1809 1028 1891 θαλάσσης
1058 1810 1206 1893 α’βρόχως
1240 1806 1360 1885 αότοός
1384 1811 1500 1873 διαπε-
1573 1800 1574 1813 ’

394 1915 577 2001 ραιιοθῆνιιι
612 1911 661 1976 διὰ
684 1914 800 1997 ξηρᾶς,
832 1912 875 1987 τός
896 1915 1021 1994 τείχους
1041 1912 1076 1974 έκ
1106 1912 1139 1973 δε
1159 1912 1217 1973 cdv
1239 1909 1294 1974 καί
1314 1912 1442 1993 τείχους
1466 1911 1537 1989 ε’ξῑ5

392 2014 562 2096 εόωνόμοον
593 2013 763 2095 ἱσταμένου
786 2014 839 2077 τοῦ
862 2009 994 2089 όδατος,
1029 2007 1131 2086 οότοος
1164 2012 1303 2075 ἐνταῦθα
1328 1998 1495 2094 τεθαυμαζ

391 2115 581 2201 τοόργηται·
638 2112 681 2190 σός
715 2113 775 2198 γὰρ
813 2109 918 2200 ῥεῦμα
955 2110 1156 2196 πανταχόθεν
1178 2115 1409 2195 ’συντρέχοντες
1441 2118 1499 2178 καί

392 2215 671 2300 παρατειχίζοντες
686 2212 793 2299 ζατίτόν
813 2211 843 2279 οἱ
865 2216 1007 2293 πολέμιοι
1037 2217 1164 2294 ψαῦσαι
1187 2212 1302 2277 τούτου
1327 2216 1382 2278 καί
1400 2214 1498 2277 πόλε-

391 2343 453 2401 μον
474 2322 640 2402 θαρρῆσαι
671 2317 729 2380 cais
751 2314 989 2398 ἆπετόλμησαν,
1019 2318 1053 2380 έν
1076 2313 1227 2396 ὁμοιώσει
1251 2315 1286 2381 δέ
1308 2312 1496 2402 δορυφόρων

394 2420 452 2496 τοὶς
472 2416 690 2500 παραπομπάς
725 2416 920 2503 ἐπεποίηντο.
965 2412 1030 2482 ὅσοι
1060 2418 1095 2483 δὲ
1115 2412 1344 2498 πολεμήσοντες
1368 2408 1535 2498 §dedomo

393 2513 416 2605 ἢ
437 2500 601 2593 πίπτοντες
622 2520 752 2601 οἰκτραῖς
774 2519 830 2602 την
852 2518 964 2600 ψυχὴν
985 2514 1193 2598 α’πεβάλοντο,
1220 2509 1315 2598 ἢτην
1338 2506 1434 2599 ἧτταν
1453 2511 1494 2590 σός

394 2621 428 2696 έξ
448 2619 698 2703 οἰκαταμαχητου
720 2620 886 2699 δυνάμεως
908 2619 1090 2698 α’νελόμενοι
1121 2617 1224 2681 οὐκέτι
1246 2620 1404 2701 δευτέρως
1423 2613 1492 2679 ius-

392 2728 513 2801 χειρεῑν
536 2718 739 2801 ἐδοκίμασαν.
799 2721 887 2784 πᾶσα
920 2720 955 2783 δὲ
979 2715 1068 2794 πόλις
1098 2714 1312 2802 ἐπερχόμενον
1344 2717 1441 2785 ου’τόν
1460 2718 1493 2781 έν

1572 2816 1573 2855 l

465 2875 492 2928 5.
509 2873 648 2936 roricone?
735 2878 778 2930 22.
801 2878 943 2951 δευτέροις
961 2878 992 2934 0.
1106 2839 1116 2860 Ι

394 3026 565 3080 iucundorum
585 3032 612 3076 et
628 3026 781 3092 pactionum
799 3027 863 3080 laeti
881 3035 951 3081 sunt.
988 3028 1035 3079 sed
1051 3025 1096 3078 hic
1111 3024 1245 3092 intrepido
1264 3033 1291 3078 et
1305 3025 1392 3078 nobili
1409 3027 1493 3079 animo

394 3098 486 3152 divino
507 3097 634 3165 suffragio
655 3112 697 3148 res
717 3113 779 3150 suas
797 3100 917 3153 tribuens
936 3098 1036 3153 nullam
1054 3099 1186 3150 rationem
1206 3097 1302 3148 horum
1322 3097 1429 3150 habuit:
1448 3100 1493 3150 sed

306 3212 325 3237 ,
394 3170 538 3222 conferens
557 3169 715 3236 pravitatem
735 3177 761 3219 et
779 3171 890 3223 iniurias
910 3187 1001 3223 eorum
1021 3177 1095 3221 etse
1113 3169 1198 3220 mulos
1218 3170 1350 3220 vinitores
1385 3178 1412 3220 et
1437 3177 1492 3220 tur.

393 3258 441 3310 pes
460 3240 531 3292 bono
551 3242 638 3313 animo
660 3241 821 3305 excussisse,
840 3258 875 3293 ne
899 3243 1081 3311 gloriarentur
1107 3241 1170 3293 huic
1196 3242 1344 3292 convenire
1371 3240 1403 3293 ad
1430 3256 1493 3308 pro-
1571 3270 1572 3289 ι

392 3314 508 3380 positum
526 3313 640 3364 studium
661 3320 687 3361 et
710 3313 895 3363 ascensionem
914 3314 990 3382 regni
1011 3320 1037 3363 et
1048 3313 1098 3379 ipsi
1118 3312 1249 3364 beneficia
1269 3313 1380 3379 indigne
1399 3327 1491 3379 repar.

394 3390 494 3446 tarent,
514 3384 564 3434 iter
584 3382 695 3448 incipit:
716 3383 873 3435 insidiantes
893 3393 991 3447 autem,
1010 3384 1056 3451 qui
1075 3382 1152 3434 multi
1172 3390 1285 3434 erantet
1297 3385 1416 3451 undiquc
1428 3400 1490 3434 oon.

393 3453 520 3517 fluebant,
540 3452 678 3504 ululabant
703 3460 826 3521 unquam
852 3454 933 3506 catuli
960 3464 986 3506 et
1010 3453 1143 3505 latrabant
1172 3462 1201 3504 ut
1226 3469 1326 3505 canes:
1356 3456 1490 3523 quominus

394 3535 481 3577 autem
501 3526 532 3575 ad
551 3540 643 3575 monus
665 3522 726 3574 huic
745 3526 870 3577 venirent
890 3534 917 3576 ct
934 3525 1035 3577 bellum
1055 3533 1246 3589 consererent,
1275 3533 1347 3576 metu
1376 3534 1403 3576 et
1430 3525 1490 3576 hor-

394 3610 456 3646 rore
475 3594 668 3658 retinebantur‚
686 3593 752 3647 lieet
771 3611 852 3663 saepe
871 3596 904 3648 nd
923 3596 974 3647 hoc
994 3597 1106 3648 transire
1127 3595 1252 3647 excitati:
1271 3595 1318 3646 sed
1338 3604 1368 3646 ut
1392 3598 1424 3649 dc
1447 3595 1490 3647 lu-

397 3665 469 3717 daeis
488 3668 615 3733 seriptum
638 3674 687 3729 est,
706 3668 786 3720 rubro
805 3668 870 3719 mari
890 3668 978 3720 diviso
997 3669 1083 3719 siccos
1102 3683 1149 3719 eos
1168 3667 1307 3719 transiisse
1327 3683 1377 3735 per
1396 3667 1489 3719 sriduna

395 3749 470 3784 muro
490 3752 505 3786 a
524 3738 617 3788 dextro
638 3746 664 3788 ct
683 3754 757 3791 muro
777 3755 792 3790 o
814 3740 920 3791 sinistro
941 3738 1060 3790 adstante
1080 3754 1176 3807 aquae,
1197 3740 1234 3789 ita
1253 3738 1297 3791 hic
1329 3738 1417 3789 simile
1442 3739 1489 3788 mi·

396 3802 515 3856 naculum
537 3808 633 3859 lactum
653 3816 714 3862 est:
733 3819 763 3861 ut
784 3811 853 3861 enim
872 3811 955 3862 amnis
977 3810 1093 3877 undique
1114 3817 1306 3861 concurrentes
1328 3819 1355 3862 et
1380 3811 1490 3862 circurn-

396 3871 528 3925 uallantes
549 3894 607 3927 eum
628 3879 718 3933 hostes
737 3890 848 3950 tangere
869 3883 938 3934 hunc
958 3890 985 3933 et
1012 3880 1111 3932 bellum
1138 3876 1228 3932 suliire
1253 3896 1306 3932 non
1334 3889 1396 3933 sunt
1421 3881 1487 3931 ausi:

396 3941 569 3995 similitudine
590 3956 676 3999 autem
696 3952 841 4005 satellitum
860 3955 1010 4005 consitutum
1031 3952 1171 4003 iecerunt:
1192 3954 1347 4021 quicunque
1366 3950 1487 4003 sutcmad

396 4012 548 4066 bellandum
568 4020 682 4080 proiecti
703 4031 793 4087 erunt,
818 4032 864 4076 out
887 4026 1013 4076 cadentes
1040 4025 1136 4074 misere
1162 4024 1245 4074 uitam
1270 4023 1424 4074 amittebant
1447 4028 1488 4070 aut
1570 4030 1571 4039 ¹

398 4086 499 4137 cladem
520 4091 548 4134 ut
568 4101 601 4135 ex
620 4087 721 4141 invicta
740 4097 859 4157 potentis
878 4096 998 4163 perpessi
1017 4110 1071 4145 non
1091 4095 1141 4144 inm
1159 4111 1251 4146 rursus
1271 4096 1382 4163 aggredi
1393 4101 1488 4146 statue-

398 4165 475 4210 runt:
496 4154 576 4208 urbes
596 4163 683 4208 autem
704 4175 796 4215 omnes
814 4166 1000 4218 advenientem
1021 4180 1081 4216 eum
1098 4165 1125 4215 in
1145 4163 1200 4216 ulto
1222 4174 1249 4216 et
1274 4166 1366 4217 diuino
1394 4164 1489 4215 lacerto

399 4225 516 4283 libenter
540 4236 567 4281 et
584 4231 669 4285 multa
688 4247 747 4286 cum
771 4232 850 4289 laude
880 4246 907 4290 et
931 4235 1091 4292 clamoribus
1122 4236 1301 4307 excipiebant.
1339 4234 1489 4290 mercanrrii
