3182 4986
525 374 740 476 'ursuoarn
1137 408 1186 481 oa

93 581 189 659 τικοὸν,
213 580 247 643 οδ
263 576 319 660 την
336 574 476 660 Ἰβηρίαν
500 582 555 642 κατ’
576 580 828 664 Μεσοποταμίαν
849 588 905 647 καί
919 575 996 667 ύχρι
1014 587 1191 650 Λυκανδού

93 679 141 741 κοτ’
156 680 340 762 Μελιτηνῆς
358 680 414 742 καί
432 682 494 742 τῶν
513 686 758 764 παρακειμένων
780 685 920 749 οἰκοῦσιν
945 687 1115 769 Ἀρμένιοι,
1139 689 1193 749 καί

94 774 119 841 οἱ
137 777 195 860 τη“ν
217 774 395 862 Ἰουδαϊκῆν
410 783 469 842 τού
479 784 655 863 Νεστοριόυ
679 781 732 846 κατ’
753 781 809 868 την
829 788 890 848 τῶν
916 777 1086 870 ύκεφύλων
1105 791 1192 871 θρη-

92 876 247 952 σκεύονπες
267 877 408 959 αἵρεσιν·
432 882 486 944 καί
503 880 562 963 γὰρ
587 881 765 965 πλήθουσιν
786 881 819 948 αἱ
837 889 944 967 χῶραι
969 889 1023 971 τῆς
1044 886 1192 969 τοιαύτης

74 979 280 1055 5κιικοδοξέας.
332 977 413 1044 έπύν
448 982 483 1046 δὲ
505 982 560 1046 κατ’
588 985 649 1046 των
668 982 851 1065 σ’ρδοδύξων
878 978 986 1068 ἥψατο
1019 983 1053 1050 τὸ
1074 988 1191 1068 δεινόν,

94 1081 133 1155 εἰς
155 1078 342 1163 α’μηχανιάν
363 1070 445 1163 ἦσαν
468 1083 583 1158 πύντες
606 1082 634 1146 οἱ
654 1081 691 1147 τοὶ
710 1080 877 1165 Ῥωμαίων
900 1083 1137 1172 θρησκεύοντες.

178 1173 287 1261 Ὅμως
310 1182 340 1245 δ’
361 1173 417 1246 σύν
439 1181 611 1248 α’νέσταταέ
627 1209 676 1260 τις
707 1185 770 1249 τῶν
792 1187 1010 1269 ιε’ποιτριδιύν,
1028 1185 1193 1270 Ῥωμανός

93 1285 283 1366 βεστύρχης;
322 1275 403 1372 abab
437 1286 565 1367 έπέκλην
586 1286 749 1369 Διογένης.
793 1278 884 1363 ούτος
915 1285 977 1369 γύρ
999 1289 1056 1353 κατ’
1077 1289 1192 1372 πρύτε-

96 1404 145 1465 ρον
165 1385 226 1464 μέν
256 1381 340 1467 ύρυῖν
366 1387 401 1449 έκ
426 1386 479 1468 τῆς
498 1387 560 1449 τῶν
583 1384 784 1467 κρατούντων
812 1386 916 1462 αἰτιάς
937 1385 993 1452 κατ’
1020 1389 1084 1453 rada
1108 1391 1191 1454 έκεῖ-

64 1487 146 1551 ιθδεν
170 1480 400 1568 ύστερημύτων
422 1484 689 1569 ἀναπληρούμενα
719 1489 782 1550 τιύν
804 1484 931 1572 έχθριύν
959 1484 999 1553 τύ
1024 1490 1191 1572 θελήματα

96 1586 145 1648 καί
169 1584 330 1666 μεγάλους
366 1586 549 1669 γινομένους
584 1594 653 1659 ταῖς
686 1589 903 1670 μικρολογέαις
936 1591 997 1654 τιύν
1015 1588 1191 1671 Ῥωμαίων,

97 1686 254 1750 ἐποτνιᾶτο
268 1684 324 1751 κατ’
341 1680 493 1770 ἤσχαλλε,
512 1691 566 1751 καί
587 1684 782 1752 α’ποστασέαν
801 1692 861 1771 μὲν
877 1681 1001 1771 ὤδινεν,
1021 1694 1078 1755 υύκ
1100 1690 1195 1775 έρατι

94 1787 161 1867 μέν,
183 1786 227 1860 ὥς
249 1789 468 1869 διεβεβαιοῦτο
488 1783 640 1870 ύστερον,
662 1791 716 1851 κατ’
741 1787 915 1855 ἀπολαύσει
938 1792 1002 1856 τούν
1024 1795 1194 1875 ἐξαιρέτως

97 1888 197 1969 αύτῆς,
222 1886 292 1951 ἄλλ’
315 1886 358 1961 uic
380 1886 436 1962 τὰς
458 1888 558 1970 τύχας
575 1886 760 1971 α’νορδούσαι
776 1892 840 1952 τῶν
862 1884 923 1974 ἤδη
939 1890 1097 1956 πεσόντων
1114 1891 1194 1956 Ῥω·
1242 1962 1246 1969 ,

63 1987 206 2069 tapnim»,
230 1981 281 2052 ὅτι
303 1983 347 2071 μη
370 1985 451 2052 κατύ
475 1984 567 2068 λύγον
592 1981 657 2070 εἶχε
679 1989 718 2052 τύ
742 1988 923 2073 πράγματα.
967 1993 1193 2073 έμιιιστευθείς

97 2080 149 2152 ads
168 2089 223 2155 έπέ
243 2093 325 2153 τέλιι
345 2092 403 2153 τού
423 2091 583 2170 βασιλέως
597 2090 654 2154 τού
669 2084 779 2156 Δούκα
805 2088 861 2174 την
877 2094 931 2175 τῆς
951 2094 1110 2176 Σαρδικῆς
1132 2095 1195 2173 α’ρ-

96 2188 165 2272 χην,
185 2188 399 2270 ἐβουλεύσατο
420 2185 495 2265 τούς
517 2188 732 2272 Σαυρομύτας
755 2194 998 2274 προσλαβέσθαι
1021 2190 1193 2274 συνεργούς

96 2294 138 2365 εἰς
164 2287 198 2355 τύ
233 2284 453 2370 μελετώμενον
482 2290 538 2353 καί
559 2289 603 2365 εἰς
626 2294 785 2373 προῦπτον
816 2286 893 2355 αύτύ
925 2289 1061 2373 α’γαγεῖν.
1106 2292 1195 2354 έπεί-

20 2462 29 2481 .
94 2396 184 2457 δοντα
205 2389 267 2476 γύρ
291 2392 403 2454 ἐκεῖνοι
430 2392 472 2479 τῷ
494 2389 591 2472 ιένδρέ
609 2388 709 2479 τούτῳ
731 2387 790 2455 διὰ
813 2390 847 2455 τὸ
873 2392 907 2454 έκ
936 2395 990 2473 τῆς
1010 2388 1193 2473 α’γχιθύρου

60 2496 282 2579 λλλοτρατηγιάς
304 2489 630 2575 προεπιγινύσκεοθαι
653 2494 765 2557 τούτου
787 2490 907 2574 αύτοϊς,
925 2489 1016 2557 έπύτε
1036 2494 1099 2556 τοῖν
1122 2495 1196 2576 περὶ

94 2592 148 2659 ads
167 2587 293 2677 Ἴστρον
314 2584 423 2676 ἅρχων
458 2592 577 2657 πύλεων
597 2594 718 2671 τούτοις
747 2595 978 2677 α’ντεπολέμησε
1009 2595 1065 2657 καὶ
1084 2600 1192 2658 πεσεῖν
1203 2598 1222 2653 t.
1244 2598 1296 2654 186
1311 2613 1341 2654 v.

94 2690 325 2776 desudassemus,
347 2695 377 2758 εἰ
401 2692 453 2777 μη.
469 2696 605 2772 έξειλετο
624 2697 736 2758 τούτου
760 2692 1004 2784 ύκαταγωνέστρι
1032 2690 1120 2782 ῥύμη
1142 2696 1197 2759 κατ’

94 2793 186 2884 ρἰύμη
209 2793 395 2881 Νικηφόρος
425 2793 599 2878 μύγιστρος
619 2795 636 2858 δ
660 2792 885 2881 Βυτανειύτης·
934 2800 1027 2861 τούτο
1048 2794 1109 2881 γὰρ
1134 2794 1194 2880 έγού

164 2966 207 3020 13.
226 2966 293 3038 μέν]
311 2963 549 3039 perpetuabatur?
649 2966 801 3037 έξαιρέτωκ
818 2968 962 3036 interpret.

95 3122 223 3174 ieetornm
243 3123 283 3173 ira
302 3128 395 3174 eontra
414 3121 575 3185 haereticos,
595 3122 639 3190 qui
658 3121 772 3174 lberiam
792 3129 819 3172 et
837 3123 1051 3189 Mesopotamiam
1065 3129 1092 3171 et
1110 3135 1194 3188 usque

93 3195 123 3245 ad
147 3193 300 3260 Lyoandum
327 3202 354 3244 et
377 3192 529 3246 Melitenam
555 3200 582 3243 et
605 3193 754 3245 adiacentia
784 3192 844 3244 ioca
862 3193 1000 3255 incolunt,
1028 3191 1148 3243 Armenii
1168 3198 1195 3241 et

94 3267 135 3332 qui
167 3265 298 3316 iudaicam
323 3263 441 3317 Nestorii
470 3273 497 3315 et
516 3265 596 3332 capiti
624 3261 821 3332 (patriarchae)
844 3262 1052 3314 inobedientium
1073 3261 1195 3312 colentes

94 3334 232 3388 baeresim.
271 3336 370 3387 etenim
389 3335 467 3402 plena
482 3344 543 3386 sunt
560 3335 619 3385 loca
638 3335 685 3386 tali
705 3335 773 3385 falsa
786 3334 846 3386 tide.
884 3334 988 3401 quando
1007 3340 1094 3384 autem
1116 3333 1195 3383 etiarn

93 3408 255 3460 orthodoxos
283 3408 373 3477 tetigit
391 3405 557 3474 periculum,
588 3408 614 3456 in
643 3405 800 3458 difficultate
827 3413 902 3456 erant
920 3419 1012 3455 ornnes
1034 3403 1194 3456 Graecorum

93 3478 168 3529 bdern
190 3477 320 3531 colentes.
916 3480 921 3487 ’

199 3550 296 3602 Tamen
324 3551 405 3617 igitur
436 3552 522 3617 surgit
540 3551 645 3618 quidam
663 3549 793 3601 nobilium
814 3549 930 3602 Graecus
949 3545 1194 3615 protovestiarius,

94 3624 134 3672 tui
151 3637 251 3673 nornen
264 3621 426 3689 Diogenis:
445 3621 489 3672 bic
510 3623 578 3672 enim
599 3623 678 3672 etiarn
696 3630 774 3673 antea
788 3621 881 3671 videus
907 3621 1095 3685 imperatorum
1115 3616 1195 3684 culpa

93 3695 200 3745 atinde
220 3694 323 3744 edoctis
343 3694 473 3760 angustiis
493 3702 601 3761 peracta
621 3692 735 3745 bostium
756 3690 870 3742 consilia
884 3700 909 3741 et
920 3705 1030 3757 magnos
1042 3704 1089 3741 eos
1109 3689 1194 3740 iactos

92 3766 252 3831 parsimonia
277 3765 458 3826 Graecorum,
486 3779 568 3831 aegra
589 3763 693 3815 ferebat
711 3771 737 3814 et
757 3761 943 3830 indignabatur
963 3770 990 3812 et
1015 3760 1194 3813 defectionem

92 3836 267 3888 meditabatur
290 3850 344 3886 non
370 3837 514 3903 eupiditate
544 3836 649 3903 quidem
675 3843 705 3885 ut
733 3832 880 3885 affirmabat
908 3841 1026 3900 postea,
1053 3840 1080 3883 et
1107 3832 1194 3883 fructu

92 3908 290 3959 commodorum
311 3908 378 3969 eius,
399 3908 445 3958 sed
465 3915 493 3957 ut
513 3906 631 3957 fortunas
654 3906 808 3957 restituerat
828 3904 977 3955 cadentium
997 3907 1048 3956 iam
1074 3902 1195 3955 Graeco.

91 3994 166 4042 rum,
190 3995 248 4030 cum
267 3993 321 4033 uon
341 3978 485 4030 seeundum
505 3979 634 4029 rationem
654 3993 685 4027 se
705 3975 835 4027 haberent
852 3992 905 4026 res.
945 3992 1003 4027 eum
1029 3977 1112 4044 igitur
1131 3992 1194 4027 cre.
1223 3994 1229 4003 ·

92 4050 141 4100 dita
162 4059 237 4101 esset
256 4051 282 4099 ai
302 4050 415 4116 imperio
435 4050 507 4117 regis
528 4049 618 4101 Durae
638 4048 741 4099 sardica
760 4049 893 4114 senapin,
913 4050 1005 4099 statuit
1026 4047 1196 4099 Sauromatas

90 4123 216 4188 accipere
242 4123 333 4171 socios
360 4119 392 4169 ad
418 4120 560 4171 eonsilium
587 4128 613 4169 ot
634 4120 660 4169 in
681 4120 848 4171 manifestum
867 4120 892 4169 id
915 4120 1073 4186 producere.
1113 4133 1194 4186 pare.

92 4193 149 4243 bant
177 4192 250 4242 euim
275 4191 317 4242 itti
338 4192 397 4242 viro
419 4191 499 4254 buia,
521 4192 583 4259 quia
602 4190 692 4240 vicino
714 4191 826 4258 imperio
846 4190 889 4241 bic
909 4192 942 4241 iis
963 4199 1040 4241 autea
1060 4196 1194 4256 spectatus

91 4272 161 4327 esst,
189 4278 250 4314 eum
276 4264 403 4330 princeps
424 4262 527 4314 urbium
548 4264 618 4313 eirca
636 4262 731 4313 lstruru
753 4264 861 4314 sitarum
881 4261 921 4312 his
940 4260 1040 4312 bellurn
1066 4259 1194 4320 inferret,

91 4344 115 4385 et
131 4335 234 4386 eadere
254 4333 468 4401 periclitaretur,
492 4336 545 4385 uisi
571 4335 714 4385 exemisset
734 4334 803 4385 huuc
824 4334 923 4399 impetu
944 4341 971 4382 st
990 4330 1087 4381 robore
1111 4328 1194 4383 Nice-

144 4431 230 4486 ιιιει.
248 4428 419 4499 ποιησει.
989 4425 1003 4479 t
