<?xml version="1.0" encoding="UTF-8"?>
<!DOCTYPE html PUBLIC "-//W3C//DTD XHTML 1.0 Transitional//EN"
    "http://www.w3.org/TR/xhtml1/DTD/xhtml1-transitional.dtd">
<html xmlns="http://www.w3.org/1999/xhtml" xml:lang="en" lang="en">
 <head>
  <title>
</title>
<meta http-equiv="Content-Type" content="text/html;charset=utf-8" />
  <meta name='ocr-system' content='tesseract 3.04.00' />
  <meta name='ocr-capabilities' content='ocr_page ocr_carea ocr_par ocr_line ocrx_word'/>
</head>
<body>
  <div class='ocr_page' id='page_1' title='image "./corpusscriptoru00berlgoog/corpusscriptoru00berlgoog_0194.png"; bbox 0 0 3150 4986; ppageno 0'>
   <div class='ocr_carea' id='block_1_1' title="bbox 586 316 1239 397">
    <p class='ocr_par' dir='ltr' id='par_1_1' title="bbox 586 316 1239 397">
     <span class='ocr_line' id='line_1_1' title="bbox 586 316 1239 397; baseline 0.011 -7"><span class='ocrx_word' id='word_1_1' title='bbox 586 322 797 392; x_wconf 73' lang='lat' dir='ltr'><strong>HISTORIA.</strong></span> <span class='ocrx_word' id='word_1_2' title='bbox 1167 316 1239 397; x_wconf 78' lang='lat' dir='ltr'><strong>&#39;tet</strong></span> 
     </span>
    </p>
   </div>
   <div class='ocr_carea' id='block_1_2' title="bbox 59 483 1368 2894">
    <p class='ocr_par' dir='ltr' id='par_1_2' title="bbox 59 483 1368 2894">
     <span class='ocr_line' id='line_1_2' title="bbox 141 483 1243 580; baseline 0.004 -25"><span class='ocrx_word' id='word_1_3' title='bbox 141 487 272 577; x_wconf 86' lang='grc' dir='ltr'><strong><em>Δούκρ,</em></strong></span> <span class='ocrx_word' id='word_1_4' title='bbox 302 483 372 552; x_wconf 78' lang='grc' dir='ltr'><strong><em>ἐπεὶ</em></strong></span> <span class='ocrx_word' id='word_1_5' title='bbox 404 487 459 553; x_wconf 84' lang='grc' dir='ltr'><strong><em>καί</em></strong></span> <span class='ocrx_word' id='word_1_6' title='bbox 477 488 586 564; x_wconf 83' lang='grc' dir='ltr'><strong><em>σκαιός</em></strong></span> <span class='ocrx_word' id='word_1_7' title='bbox 605 486 716 576; x_wconf 76' lang='grc' dir='ltr'><strong><em>’ἐφόνη</em></strong></span> <span class='ocrx_word' id='word_1_8' title='bbox 738 489 792 555; x_wconf 84' lang='grc' dir='ltr'><strong><em>καί</em></strong></span> <span class='ocrx_word' id='word_1_9' title='bbox 821 491 989 574; x_wconf 85' lang='grc' dir='ltr'><strong><em>διαβολεδς</em></strong></span> <span class='ocrx_word' id='word_1_10' title='bbox 1012 496 1067 560; x_wconf 86' lang='grc' dir='ltr'><strong><em>καί</em></strong></span> <span class='ocrx_word' id='word_1_11' title='bbox 1086 491 1243 580; x_wconf 75' lang='grc' dir='ltr'><strong><em>σοφιστὴς</em></strong></span> 
     </span>
     <span class='ocr_line' id='line_1_3' title="bbox 139 580 1241 679; baseline 0.008 -29"><span class='ocrx_word' id='word_1_12' title='bbox 139 589 202 651; x_wconf 80' lang='grc' dir='ltr'><strong><em>τεόν</em></strong></span> <span class='ocrx_word' id='word_1_13' title='bbox 232 588 341 656; x_wconf 71' lang='grc' dir='ltr'><strong><em>κακοῖν,</em></strong></span> <span class='ocrx_word' id='word_1_14' title='bbox 367 580 411 661; x_wconf 80' lang='grc' dir='ltr'><strong><em>ύς</em></strong></span> <span class='ocrx_word' id='word_1_15' title='bbox 445 584 501 651; x_wconf 84' lang='grc' dir='ltr'><strong><em>καί</em></strong></span> <span class='ocrx_word' id='word_1_16' title='bbox 531 587 608 653; x_wconf 78' lang='grc' dir='ltr'><strong><em>κατὰ</em></strong></span> <span class='ocrx_word' id='word_1_17' title='bbox 645 592 700 672; x_wconf 77' lang='grc' dir='ltr'><strong><em>τῆς</em></strong></span> <span class='ocrx_word' id='word_1_18' title='bbox 722 588 913 676; x_wconf 79' lang='grc' dir='ltr'><strong><em>Αύχούστης</em></strong></span> <span class='ocrx_word' id='word_1_19' title='bbox 932 597 1081 674; x_wconf 75' lang='grc' dir='ltr'><strong><em>μοιχείας</em></strong></span> <span class='ocrx_word' id='word_1_20' title='bbox 1100 589 1241 679; x_wconf 80' lang='grc' dir='ltr'><strong><em>ἔγκλημα</em></strong></span> 
     </span>
     <span class='ocr_line' id='line_1_4' title="bbox 59 687 1244 780; baseline 0.006 -28"><span class='ocrx_word' id='word_1_21' title='bbox 59 688 63 697; x_wconf 81' lang='grc'><strong>’</strong></span> <span class='ocrx_word' id='word_1_22' title='bbox 139 691 183 773; x_wconf 68' lang='lat' dir='ltr'><strong><em>rui</em></strong></span> <span class='ocrx_word' id='word_1_23' title='bbox 201 692 333 767; x_wconf 78' lang='grc' dir='ltr'><strong><em>βασιλεῖ</em></strong></span> <span class='ocrx_word' id='word_1_24' title='bbox 348 687 586 771; x_wconf 79' lang='grc' dir='ltr'><strong><em>όποιμιθυρίσαι</em></strong></span> <span class='ocrx_word' id='word_1_25' title='bbox 605 691 716 780; x_wconf 76' lang='grc' dir='ltr'><strong><em>φθόνῳ</em></strong></span> <span class='ocrx_word' id='word_1_26' title='bbox 738 694 798 755; x_wconf 84' lang='grc' dir='ltr'><strong><em>τού</em></strong></span> <span class='ocrx_word' id='word_1_27' title='bbox 818 697 1166 775; x_wconf 83' lang='grc' dir='ltr'><strong><em>συνεξυπηρετουμένου</em></strong></span> <span class='ocrx_word' id='word_1_28' title='bbox 1189 693 1244 759; x_wconf 87' lang='grc' dir='ltr'><strong><em>καί</em></strong></span> 
     </span>
     <span class='ocr_line' id='line_1_5' title="bbox 139 786 1243 877; baseline 0.007 -25"><span class='ocrx_word' id='word_1_29' title='bbox 139 789 434 871; x_wconf 77' lang='grc' dir='ltr'><strong><em>συνδιενερχοῦντος</em></strong></span> <span class='ocrx_word' id='word_1_30' title='bbox 463 786 548 877; x_wconf 78' lang='grc' dir='ltr'><strong><em>αύιηῖ</em></strong></span> <span class='ocrx_word' id='word_1_31' title='bbox 571 790 706 876; x_wconf 71' lang='grc' dir='ltr'><strong><em>Μιχαὴλ</em></strong></span> <span class='ocrx_word' id='word_1_32' title='bbox 726 794 787 854; x_wconf 83' lang='grc' dir='ltr'><strong><em>τού</em></strong></span> <span class='ocrx_word' id='word_1_33' title='bbox 808 792 1005 875; x_wconf 68' lang='grc' dir='ltr'><strong><em>Νικομήδει),</em></strong></span> <span class='ocrx_word' id='word_1_34' title='bbox 1028 796 1083 875; x_wconf 75' lang='grc' dir='ltr'><strong><em>τῆς</em></strong></span> <span class='ocrx_word' id='word_1_35' title='bbox 1100 797 1159 872; x_wconf 78' lang='grc' dir='ltr'><strong><em>μὲν</em></strong></span> <span class='ocrx_word' id='word_1_36' title='bbox 1178 799 1243 875; x_wconf 92' lang='grc' dir='ltr'><strong><em>βα-</em></strong></span> 
     </span>
     <span class='ocr_line' id='line_1_6' title="bbox 114 888 1242 981; baseline 0.001 -25"><span class='ocrx_word' id='word_1_37' title='bbox 114 890 263 973; x_wconf 84' lang='grc' dir='ltr'><strong><em>5σιλικη”ς</em></strong></span> <span class='ocrx_word' id='word_1_38' title='bbox 292 888 522 974; x_wconf 70' lang='grc' dir='ltr'><strong><em>παραστάσεως</em></strong></span> <span class='ocrx_word' id='word_1_39' title='bbox 549 893 766 981; x_wconf 75' lang='grc' dir='ltr'><strong><em>α’πεπέμφδη,</em></strong></span> <span class='ocrx_word' id='word_1_40' title='bbox 793 889 869 971; x_wconf 66' lang='lat' dir='ltr'><strong><em>toi}</em></strong></span> <span class='ocrx_word' id='word_1_41' title='bbox 892 894 927 958; x_wconf 83' lang='grc' dir='ltr'><strong><em>δέ</em></strong></span> <span class='ocrx_word' id='word_1_42' title='bbox 950 892 1007 976; x_wconf 74' lang='grc' dir='ltr'><strong><em>τῆς</em></strong></span> <span class='ocrx_word' id='word_1_43' title='bbox 1028 890 1108 956; x_wconf 84' lang='grc' dir='ltr'><strong><em>κατύ</em></strong></span> <span class='ocrx_word' id='word_1_44' title='bbox 1135 893 1242 978; x_wconf 88' lang='grc' dir='ltr'><strong><em>κοίλην</em></strong></span> 
     </span>
     <span class='ocr_line' id='line_1_7' title="bbox 139 989 1242 1079; baseline 0.003 -24"><span class='ocrx_word' id='word_1_45' title='bbox 139 993 261 1071; x_wconf 81' lang='grc' dir='ltr'><strong><em>Συρίαν</em></strong></span> <span class='ocrx_word' id='word_1_46' title='bbox 293 989 487 1072; x_wconf 76' lang='grc' dir='ltr'><strong><em>Ἀντιοχείας</em></strong></span> <span class='ocrx_word' id='word_1_47' title='bbox 526 993 732 1074; x_wconf 67' lang='grc' dir='ltr'><strong><em>ἀποδειχθείς</em></strong></span> <span class='ocrx_word' id='word_1_48' title='bbox 765 994 842 1057; x_wconf 82' lang='grc' dir='ltr'><strong><em>ου’δὲ</em></strong></span> <span class='ocrx_word' id='word_1_49' title='bbox 881 1000 945 1068; x_wconf 81' lang='grc' dir='ltr'><strong><em>τοῖς</em></strong></span> <span class='ocrx_word' id='word_1_50' title='bbox 982 995 1084 1058; x_wconf 75' lang='grc' dir='ltr'><strong><em>ἐκεῖσε</em></strong></span> <span class='ocrx_word' id='word_1_51' title='bbox 1110 997 1242 1079; x_wconf 90' lang='grc' dir='ltr'><strong><em>μέρεσιν</em></strong></span> 
     </span>
     <span class='ocr_line' id='line_1_8' title="bbox 140 1089 1243 1180; baseline 0.004 -25"><span class='ocrx_word' id='word_1_52' title='bbox 140 1090 329 1176; x_wconf 78' lang='grc' dir='ltr'><strong><em>α’πρόχμονα</em></strong></span> <span class='ocrx_word' id='word_1_53' title='bbox 343 1089 399 1154; x_wconf 89' lang='grc' dir='ltr'><strong><em>καί</em></strong></span> <span class='ocrx_word' id='word_1_54' title='bbox 409 1091 623 1158; x_wconf 72' lang='grc' dir='ltr'><strong><em>ἀστασίαστον</em></strong></span> <span class='ocrx_word' id='word_1_55' title='bbox 636 1091 695 1176; x_wconf 72' lang='grc' dir='ltr'><strong><em>τὴν</em></strong></span> <span class='ocrx_word' id='word_1_56' title='bbox 706 1091 864 1177; x_wconf 67' lang='grc' dir='ltr'><strong><em>διαγωγὴν</em></strong></span> <span class='ocrx_word' id='word_1_57' title='bbox 873 1097 1091 1175; x_wconf 88' lang='grc' dir='ltr'><strong><em>καταλέλοιπε,</em></strong></span> <span class='ocrx_word' id='word_1_58' title='bbox 1112 1094 1243 1180; x_wconf 83' lang='grc' dir='ltr'><strong><em>προφύ-</em></strong></span> 
     </span>
     <span class='ocr_line' id='line_1_9' title="bbox 139 1191 1241 1279; baseline 0.001 -22"><span class='ocrx_word' id='word_1_59' title='bbox 139 1214 206 1266; x_wconf 90' lang='grc' dir='ltr'><strong><em>οεις</em></strong></span> <span class='ocrx_word' id='word_1_60' title='bbox 228 1194 374 1270; x_wconf 87' lang='grc' dir='ltr'><strong><em>πολέμων</em></strong></span> <span class='ocrx_word' id='word_1_61' title='bbox 396 1193 430 1254; x_wconf 83' lang='grc' dir='ltr'><strong><em>ἐκ</em></strong></span> <span class='ocrx_word' id='word_1_62' title='bbox 442 1191 640 1276; x_wconf 73' lang='grc' dir='ltr'><strong><em>κατασκευης</em></strong></span> <span class='ocrx_word' id='word_1_63' title='bbox 661 1199 826 1279; x_wconf 80' lang='grc' dir='ltr'><strong><em>φρουρίων</em></strong></span> <span class='ocrx_word' id='word_1_64' title='bbox 848 1193 1066 1278; x_wconf 85' lang='grc' dir='ltr'><strong><em>ἐπισυνείρων,</em></strong></span> <span class='ocrx_word' id='word_1_65' title='bbox 1093 1193 1149 1258; x_wconf 83' lang='grc' dir='ltr'><strong><em>καί</em></strong></span> <span class='ocrx_word' id='word_1_66' title='bbox 1167 1197 1241 1258; x_wconf 91' lang='grc' dir='ltr'><strong><em>δια-</em></strong></span> 
     </span>
     <span class='ocr_line' id='line_1_10' title="bbox 140 1289 1241 1377; baseline 0.001 -21"><span class='ocrx_word' id='word_1_67' title='bbox 140 1293 255 1357; x_wconf 81' lang='grc' dir='ltr'><strong><em>νιστεόν</em></strong></span> <span class='ocrx_word' id='word_1_68' title='bbox 275 1289 350 1366; x_wconf 87' lang='grc' dir='ltr'><strong><em>τούς</em></strong></span> <span class='ocrx_word' id='word_1_69' title='bbox 372 1289 576 1377; x_wconf 81' lang='grc' dir='ltr'><strong><em>Σαρακηνούς</em></strong></span> <span class='ocrx_word' id='word_1_70' title='bbox 599 1295 853 1377; x_wconf 86' lang='grc' dir='ltr'><strong><em>α’ντιπολίσμαια</em></strong></span> <span class='ocrx_word' id='word_1_71' title='bbox 869 1297 1020 1360; x_wconf 87' lang='grc' dir='ltr'><strong><em>συνιστεῖν</em></strong></span> <span class='ocrx_word' id='word_1_72' title='bbox 1042 1297 1088 1370; x_wconf 86' lang='grc' dir='ltr'><strong><em>είς</em></strong></span> <span class='ocrx_word' id='word_1_73' title='bbox 1108 1292 1164 1377; x_wconf 72' lang='grc' dir='ltr'><strong><em>τήν</em></strong></span> <span class='ocrx_word' id='word_1_74' title='bbox 1184 1298 1241 1377; x_wconf 75' lang='grc' dir='ltr'><strong><em>τῆς</em></strong></span> 
     </span>
     <span class='ocr_line' id='line_1_11' title="bbox 100 1387 1241 1480; baseline 0.003 -24"><span class='ocrx_word' id='word_1_75' title='bbox 100 1387 241 1478; x_wconf 74' lang='grc' dir='ltr'><strong><em>ιοόκρας</em></strong></span> <span class='ocrx_word' id='word_1_76' title='bbox 269 1391 425 1458; x_wconf 77' lang='grc' dir='ltr'><strong><em>ἐπίδεσιν.</em></strong></span> <span class='ocrx_word' id='word_1_77' title='bbox 478 1396 534 1458; x_wconf 83' lang='grc' dir='ltr'><strong><em>καί</em></strong></span> <span class='ocrx_word' id='word_1_78' title='bbox 556 1400 704 1475; x_wconf 79' lang='grc' dir='ltr'><strong><em>πολεμεῖν</em></strong></span> <span class='ocrx_word' id='word_1_79' title='bbox 730 1399 790 1477; x_wconf 88' lang='grc' dir='ltr'><strong><em>μέν</em></strong></span> <span class='ocrx_word' id='word_1_80' title='bbox 816 1394 941 1470; x_wconf 90' lang='grc' dir='ltr'><strong><em>τούτοις</em></strong></span> <span class='ocrx_word' id='word_1_81' title='bbox 966 1389 988 1480; x_wconf 83' lang='grc' dir='ltr'><em>ἢ</em></span> <span class='ocrx_word' id='word_1_82' title='bbox 1011 1399 1241 1476; x_wconf 77' lang='grc' dir='ltr'><strong><em>καταπολεμείν</em></strong></span> 
     </span>
     <span class='ocr_line' id='line_1_12' title="bbox 136 1490 1242 1576; baseline 0.003 -20"><span class='ocrx_word' id='word_1_83' title='bbox 136 1492 182 1576; x_wconf 77' lang='grc' dir='ltr'><strong><em>μη</em></strong></span> <span class='ocrx_word' id='word_1_84' title='bbox 218 1490 411 1576; x_wconf 82' lang='grc' dir='ltr'><strong><em>δευόμενος,</em></strong></span> <span class='ocrx_word' id='word_1_85' title='bbox 452 1492 672 1576; x_wconf 73' lang='grc' dir='ltr'><strong><em>ἀντιπολεμεῖν</em></strong></span> <span class='ocrx_word' id='word_1_86' title='bbox 705 1503 771 1569; x_wconf 78' lang='grc' dir='ltr'><strong><em>τοῖς</em></strong></span> <span class='ocrx_word' id='word_1_87' title='bbox 796 1496 968 1576; x_wconf 88' lang='grc' dir='ltr'><strong><em>Ῥωμαίοις</em></strong></span> <span class='ocrx_word' id='word_1_88' title='bbox 1003 1498 1060 1561; x_wconf 85' lang='grc' dir='ltr'><strong><em>καί</em></strong></span> <span class='ocrx_word' id='word_1_89' title='bbox 1086 1497 1242 1561; x_wconf 61' lang='lat' dir='ltr'><strong><em>diremti</em></strong></span> 
     </span>
     <span class='ocr_line' id='line_1_13' title="bbox 138 1589 1241 1682; baseline 0 -24"><span class='ocrx_word' id='word_1_90' title='bbox 138 1594 327 1678; x_wconf 79' lang='grc' dir='ltr'><strong><em>προσοίκους</em></strong></span> <span class='ocrx_word' id='word_1_91' title='bbox 347 1589 452 1671; x_wconf 89' lang='grc' dir='ltr'><strong><em>πόλεις</em></strong></span> <span class='ocrx_word' id='word_1_92' title='bbox 475 1602 539 1672; x_wconf 75' lang='grc' dir='ltr'><strong><em>τοῖς</em></strong></span> <span class='ocrx_word' id='word_1_93' title='bbox 559 1595 751 1676; x_wconf 77' lang='grc' dir='ltr'><strong><em>Ῥωμαϊκοϊς</em></strong></span> <span class='ocrx_word' id='word_1_94' title='bbox 781 1596 880 1682; x_wconf 80' lang='grc' dir='ltr'><strong><em>ὁρίοις</em></strong></span> <span class='ocrx_word' id='word_1_95' title='bbox 906 1598 1072 1682; x_wconf 75' lang='grc' dir='ltr'><strong><em>ἠρέθιζεν·</em></strong></span> <span class='ocrx_word' id='word_1_96' title='bbox 1115 1594 1153 1659; x_wconf 80' lang='grc' dir='ltr'><strong><em>ού</em></strong></span> <span class='ocrx_word' id='word_1_97' title='bbox 1174 1592 1241 1679; x_wconf 77' lang='grc' dir='ltr'><strong><em>μην</em></strong></span> 
     </span>
     <span class='ocr_line' id='line_1_14' title="bbox 140 1687 1242 1782; baseline -0.001 -23"><span class='ocrx_word' id='word_1_98' title='bbox 140 1697 209 1759; x_wconf 80' lang='lat' dir='ltr'><strong>a&#39;tt’</strong></span> <span class='ocrx_word' id='word_1_99' title='bbox 232 1689 308 1759; x_wconf 84' lang='grc' dir='ltr'><strong><em>υύδέ</em></strong></span> <span class='ocrx_word' id='word_1_100' title='bbox 328 1702 395 1771; x_wconf 76' lang='grc' dir='ltr'><strong><em>τοῖς</em></strong></span> <span class='ocrx_word' id='word_1_101' title='bbox 416 1698 581 1781; x_wconf 80' lang='grc' dir='ltr'><strong><em>ἐγχωρίοις</em></strong></span> <span class='ocrx_word' id='word_1_102' title='bbox 602 1694 820 1781; x_wconf 78' lang='grc' dir='ltr'><strong><em>Ἀντιοχεῦσιν</em></strong></span> <span class='ocrx_word' id='word_1_103' title='bbox 849 1698 1057 1782; x_wconf 80' lang='grc' dir='ltr'><strong><em>α’νενόχλητσν</em></strong></span> <span class='ocrx_word' id='word_1_104' title='bbox 1086 1699 1141 1760; x_wconf 83' lang='grc' dir='ltr'><strong><em>καί</em></strong></span> <span class='ocrx_word' id='word_1_105' title='bbox 1161 1687 1242 1758; x_wconf 91' lang='grc' dir='ltr'><strong><em>όιλυ-</em></strong></span> 
     </span>
     <span class='ocr_line' id='line_1_15' title="bbox 139 1793 1242 1882; baseline -0.004 -22"><span class='ocrx_word' id='word_1_106' title='bbox 139 1818 197 1860; x_wconf 85' lang='grc' dir='ltr'><strong><em>πον</em></strong></span> <span class='ocrx_word' id='word_1_107' title='bbox 232 1793 288 1880; x_wconf 71' lang='grc' dir='ltr'><strong><em>την</em></strong></span> <span class='ocrx_word' id='word_1_108' title='bbox 316 1794 476 1880; x_wconf 72' lang='grc' dir='ltr'><strong><em>διαγωγὴν</em></strong></span> <span class='ocrx_word' id='word_1_109' title='bbox 502 1793 718 1882; x_wconf 79' lang='grc' dir='ltr'><strong><em>συνετήρησε,</em></strong></span> <span class='ocrx_word' id='word_1_110' title='bbox 741 1799 816 1863; x_wconf 81' lang='grc' dir='ltr'><strong><em>ποτέ</em></strong></span> <span class='ocrx_word' id='word_1_111' title='bbox 835 1795 969 1879; x_wconf 80' lang='grc' dir='ltr'><strong><em>μένεός</em></strong></span> <span class='ocrx_word' id='word_1_112' title='bbox 990 1795 1242 1879; x_wconf 77' lang='grc' dir='ltr'><strong><em>κε’ήσειςαύιαῑν</em></strong></span> 
     </span>
     <span class='ocr_line' id='line_1_16' title="bbox 99 1893 1242 1983; baseline -0.001 -24"><span class='ocrx_word' id='word_1_113' title='bbox 99 1893 386 1983; x_wconf 76' lang='grc' dir='ltr'><strong><em>ιδόφαιρούμενος,</em></strong></span> <span class='ocrx_word' id='word_1_114' title='bbox 409 1898 485 1962; x_wconf 83' lang='grc' dir='ltr'><strong><em>ποτέ</em></strong></span> <span class='ocrx_word' id='word_1_115' title='bbox 506 1897 541 1960; x_wconf 88' lang='grc' dir='ltr'><strong><em>δέ</em></strong></span> <span class='ocrx_word' id='word_1_116' title='bbox 557 1897 784 1983; x_wconf 88' lang='grc' dir='ltr'><strong><em>καταβαρύνων</em></strong></span> <span class='ocrx_word' id='word_1_117' title='bbox 805 1898 905 1973; x_wconf 83' lang='grc' dir='ltr'><strong><em>σύτύς</em></strong></span> <span class='ocrx_word' id='word_1_118' title='bbox 921 1894 1112 1979; x_wconf 74' lang='grc' dir='ltr'><strong><em>α’παιτήσεσι</em></strong></span> <span class='ocrx_word' id='word_1_119' title='bbox 1134 1919 1242 1977; x_wconf 90' lang='grc' dir='ltr'><strong><em>παρα-</em></strong></span> 
     </span>
     <span class='ocr_line' id='line_1_17' title="bbox 138 1994 1242 2083; baseline -0.001 -23"><span class='ocrx_word' id='word_1_120' title='bbox 138 1994 242 2079; x_wconf 76' lang='grc' dir='ltr'><strong><em>λόγοις</em></strong></span> <span class='ocrx_word' id='word_1_121' title='bbox 263 1996 319 2060; x_wconf 80' lang='grc' dir='ltr'><strong><em>καί</em></strong></span> <span class='ocrx_word' id='word_1_122' title='bbox 340 1994 492 2082; x_wconf 79' lang='grc' dir='ltr'><strong><em>εἶπηνέσιν</em></strong></span> <span class='ocrx_word' id='word_1_123' title='bbox 516 2001 696 2083; x_wconf 75' lang='grc' dir='ltr'><strong><em>ἐπιφοραῖς.</em></strong></span> <span class='ocrx_word' id='word_1_124' title='bbox 742 1997 778 2072; x_wconf 76' lang='grc' dir='ltr'><strong><em>ὃς</em></strong></span> <span class='ocrx_word' id='word_1_125' title='bbox 796 2001 850 2081; x_wconf 82' lang='grc' dir='ltr'><strong><em>τῆς</em></strong></span> <span class='ocrx_word' id='word_1_126' title='bbox 872 1999 977 2083; x_wconf 71' lang='grc' dir='ltr'><strong><em>ἀρχῆς</em></strong></span> <span class='ocrx_word' id='word_1_127' title='bbox 994 2000 1112 2082; x_wconf 87' lang='grc' dir='ltr'><strong><em>ταύτης</em></strong></span> <span class='ocrx_word' id='word_1_128' title='bbox 1130 2019 1242 2079; x_wconf 88' lang='grc' dir='ltr'><strong><em>παρα-</em></strong></span> 
     </span>
     <span class='ocr_line' id='line_1_18' title="bbox 108 2092 1241 2182; baseline -0.003 -20"><span class='ocrx_word' id='word_1_129' title='bbox 108 2100 112 2107; x_wconf 82' lang='grc'><strong>’</strong></span> <span class='ocrx_word' id='word_1_130' title='bbox 138 2101 267 2175; x_wconf 75' lang='grc' dir='ltr'><strong><em>λυθείς,</em></strong></span> <span class='ocrx_word' id='word_1_131' title='bbox 299 2100 355 2164; x_wconf 86' lang='grc' dir='ltr'><strong><em>καί</em></strong></span> <span class='ocrx_word' id='word_1_132' title='bbox 372 2097 453 2179; x_wconf 86' lang='grc' dir='ltr'><strong><em>μετό</em></strong></span> <span class='ocrx_word' id='word_1_133' title='bbox 484 2102 586 2163; x_wconf 75' lang='grc' dir='ltr'><strong><em>ταῦτα</em></strong></span> <span class='ocrx_word' id='word_1_134' title='bbox 613 2100 718 2180; x_wconf 87' lang='grc' dir='ltr'><strong><em>πόλιν,</em></strong></span> <span class='ocrx_word' id='word_1_135' title='bbox 741 2092 793 2164; x_wconf 80' lang='grc' dir='ltr'><strong><em>οἷα</em></strong></span> <span class='ocrx_word' id='word_1_136' title='bbox 820 2096 860 2164; x_wconf 85' lang='grc' dir='ltr'><strong><em>τοὶ</em></strong></span> <span class='ocrx_word' id='word_1_137' title='bbox 883 2102 939 2163; x_wconf 80' lang='grc' dir='ltr'><strong><em>τοῦ</em></strong></span> <span class='ocrx_word' id='word_1_138' title='bbox 959 2102 1148 2182; x_wconf 78' lang='grc' dir='ltr'><strong><em>κρατοῦντος</em></strong></span> <span class='ocrx_word' id='word_1_139' title='bbox 1169 2097 1241 2162; x_wconf 89' lang='grc' dir='ltr'><strong><em>τότε</em></strong></span> 
     </span>
     <span class='ocr_line' id='line_1_19' title="bbox 138 2198 1368 2286; baseline -0.002 -22"><span class='ocrx_word' id='word_1_140' title='bbox 138 2199 290 2283; x_wconf 80' lang='grc' dir='ltr'><strong><em>περιπετῆ</em></strong></span> <span class='ocrx_word' id='word_1_141' title='bbox 321 2201 376 2263; x_wconf 86' lang='grc' dir='ltr'><strong><em>καί</em></strong></span> <span class='ocrx_word' id='word_1_142' title='bbox 401 2200 597 2284; x_wconf 69' lang='grc' dir='ltr'><strong><em>ἀκυβέρνητα</em></strong></span> <span class='ocrx_word' id='word_1_143' title='bbox 635 2199 857 2286; x_wconf 77' lang='grc' dir='ltr'><strong><em>έφευρὴμστα,</em></strong></span> <span class='ocrx_word' id='word_1_144' title='bbox 879 2198 1040 2285; x_wconf 80' lang='grc' dir='ltr'><strong><em>πεμφθείς</em></strong></span> <span class='ocrx_word' id='word_1_145' title='bbox 1062 2201 1107 2274; x_wconf 84' lang='grc' dir='ltr'><strong><em>είς</em></strong></span> <span class='ocrx_word' id='word_1_146' title='bbox 1129 2201 1239 2263; x_wconf 84' lang='grc' dir='ltr'><strong><em>δευτέ-</em></strong></span> <span class='ocrx_word' id='word_1_147' title='bbox 1249 2209 1269 2261; x_wconf 87' lang='grc' dir='ltr'><strong><em>ι.</em></strong></span> <span class='ocrx_word' id='word_1_148' title='bbox 1283 2208 1368 2265; x_wconf 74' lang='grc' dir='ltr'><strong><em>λδδι.</em></strong></span> 
     </span>
     <span class='ocr_line' id='line_1_20' title="bbox 139 2298 1240 2385; baseline -0.003 -18"><span class='ocrx_word' id='word_1_149' title='bbox 139 2326 199 2382; x_wconf 87' lang='grc' dir='ltr'><strong><em>ραν</em></strong></span> <span class='ocrx_word' id='word_1_150' title='bbox 240 2298 429 2384; x_wconf 71' lang='grc' dir='ltr'><strong><em>ἡγεμονίαν,</em></strong></span> <span class='ocrx_word' id='word_1_151' title='bbox 453 2299 510 2365; x_wconf 83' lang='grc' dir='ltr'><strong><em>ούκ</em></strong></span> <span class='ocrx_word' id='word_1_152' title='bbox 541 2299 655 2366; x_wconf 80' lang='grc' dir='ltr'><strong><em>ἐλάττω</em></strong></span> <span class='ocrx_word' id='word_1_153' title='bbox 684 2304 745 2365; x_wconf 84' lang='grc' dir='ltr'><strong><em>τιδν</em></strong></span> <span class='ocrx_word' id='word_1_154' title='bbox 775 2305 933 2385; x_wconf 86' lang='grc' dir='ltr'><strong><em>προτέρων</em></strong></span> <span class='ocrx_word' id='word_1_155' title='bbox 968 2300 1025 2382; x_wconf 74' lang='grc' dir='ltr'><strong><em>την</em></strong></span> <span class='ocrx_word' id='word_1_156' title='bbox 1054 2304 1240 2384; x_wconf 72' lang='grc' dir='ltr'><strong><em>μοχθηρίαν</em></strong></span> 
     </span>
     <span class='ocr_line' id='line_1_21' title="bbox 98 2396 1241 2487; baseline -0.004 -21"><span class='ocrx_word' id='word_1_157' title='bbox 98 2399 305 2485; x_wconf 75' lang='grc' dir='ltr'><strong><em>λθείσὴνεχκε.</em></strong></span> <span class='ocrx_word' id='word_1_158' title='bbox 355 2404 411 2465; x_wconf 82' lang='grc' dir='ltr'><strong><em>τοῦ</em></strong></span> <span class='ocrx_word' id='word_1_159' title='bbox 431 2401 466 2465; x_wconf 83' lang='grc' dir='ltr'><strong><em>δέ</em></strong></span> <span class='ocrx_word' id='word_1_160' title='bbox 486 2399 708 2481; x_wconf 80' lang='grc' dir='ltr'><strong><em>βασιλεύοντος</em></strong></span> <span class='ocrx_word' id='word_1_161' title='bbox 737 2397 941 2487; x_wconf 70' lang='grc' dir='ltr'><strong><em>τεθνηκότος,</em></strong></span> <span class='ocrx_word' id='word_1_162' title='bbox 962 2402 1017 2463; x_wconf 77' lang='grc' dir='ltr'><strong><em>κατ’</em></strong></span> <span class='ocrx_word' id='word_1_163' title='bbox 1037 2403 1092 2482; x_wconf 74' lang='grc' dir='ltr'><strong><em>τῆς</em></strong></span> <span class='ocrx_word' id='word_1_164' title='bbox 1110 2396 1241 2481; x_wconf 74' lang='grc' dir='ltr'><strong><em>Αὐγού-</em></strong></span> 
     </span>
     <span class='ocr_line' id='line_1_22' title="bbox 138 2497 1240 2588; baseline -0.005 -19"><span class='ocrx_word' id='word_1_165' title='bbox 138 2528 211 2587; x_wconf 87' lang='grc' dir='ltr'><strong><em>στης</em></strong></span> <span class='ocrx_word' id='word_1_166' title='bbox 233 2501 292 2585; x_wconf 76' lang='grc' dir='ltr'><strong><em>την</em></strong></span> <span class='ocrx_word' id='word_1_167' title='bbox 314 2499 533 2587; x_wconf 84' lang='grc' dir='ltr'><strong><em>αύιοκρύτορα</em></strong></span> <span class='ocrx_word' id='word_1_168' title='bbox 556 2505 778 2588; x_wconf 75' lang='grc' dir='ltr'><strong><em>περιελομένης</em></strong></span> <span class='ocrx_word' id='word_1_169' title='bbox 799 2499 923 2586; x_wconf 76' lang='grc' dir='ltr'><strong><em>α’ρχην,</em></strong></span> <span class='ocrx_word' id='word_1_170' title='bbox 945 2497 1020 2585; x_wconf 82' lang='grc' dir='ltr'><strong><em>όεχε</em></strong></span> <span class='ocrx_word' id='word_1_171' title='bbox 1041 2523 1090 2576; x_wconf 92' lang='grc' dir='ltr'><strong><em>τις</em></strong></span> <span class='ocrx_word' id='word_1_172' title='bbox 1112 2502 1240 2565; x_wconf 86' lang='grc' dir='ltr'><strong><em>ἐναντία</em></strong></span> 
     </span>
     <span class='ocr_line' id='line_1_23' title="bbox 139 2599 1308 2688; baseline -0.003 -20"><span class='ocrx_word' id='word_1_173' title='bbox 139 2605 221 2688; x_wconf 85' lang='grc' dir='ltr'><strong><em>τύχη</em></strong></span> <span class='ocrx_word' id='word_1_174' title='bbox 242 2602 298 2668; x_wconf 91' lang='grc' dir='ltr'><strong><em>τόν</em></strong></span> <span class='ocrx_word' id='word_1_175' title='bbox 317 2600 527 2687; x_wconf 87' lang='grc' dir='ltr'><strong><em>πονηρότατον</em></strong></span> <span class='ocrx_word' id='word_1_176' title='bbox 541 2605 649 2669; x_wconf 81' lang='grc' dir='ltr'><strong><em>τοῦτον</em></strong></span> <span class='ocrx_word' id='word_1_177' title='bbox 668 2607 723 2667; x_wconf 85' lang='grc' dir='ltr'><strong><em>καί</em></strong></span> <span class='ocrx_word' id='word_1_178' title='bbox 740 2601 947 2668; x_wconf 76' lang='grc' dir='ltr'><strong><em>ἀδικώτατον.</em></strong></span> <span class='ocrx_word' id='word_1_179' title='bbox 989 2599 1155 2684; x_wconf 73' lang='grc' dir='ltr'><strong><em>βασιλικόν</em></strong></span> <span class='ocrx_word' id='word_1_180' title='bbox 1176 2599 1238 2686; x_wconf 71' lang='lat' dir='ltr'><strong>peip</strong></span> <span class='ocrx_word' id='word_1_181' title='bbox 1303 2657 1308 2665; x_wconf 85' lang='grc'><strong><em>.</em></strong></span> 
     </span>
     <span class='ocr_line' id='line_1_24' title="bbox 140 2696 1240 2793; baseline -0.003 -24"><span class='ocrx_word' id='word_1_182' title='bbox 140 2704 243 2786; x_wconf 78' lang='grc' dir='ltr'><strong><em>δόγμα</em></strong></span> <span class='ocrx_word' id='word_1_183' title='bbox 275 2702 454 2785; x_wconf 87' lang='grc' dir='ltr'><strong><em>καταλαβὸν</em></strong></span> <span class='ocrx_word' id='word_1_184' title='bbox 478 2701 576 2768; x_wconf 81' lang='grc' dir='ltr'><strong><em>αι’τόν</em></strong></span> <span class='ocrx_word' id='word_1_185' title='bbox 596 2706 642 2780; x_wconf 86' lang='grc' dir='ltr'><strong><em>είς</em></strong></span> <span class='ocrx_word' id='word_1_186' title='bbox 661 2703 717 2787; x_wconf 74' lang='grc' dir='ltr'><strong><em>τὴν</em></strong></span> <span class='ocrx_word' id='word_1_187' title='bbox 734 2696 933 2787; x_wconf 85' lang='grc' dir='ltr'><strong><em>Ἀντιόχειαν</em></strong></span> <span class='ocrx_word' id='word_1_188' title='bbox 964 2707 1002 2793; x_wconf 77' lang='grc' dir='ltr'><strong><em>τῇ</em></strong></span> <span class='ocrx_word' id='word_1_189' title='bbox 1025 2706 1083 2767; x_wconf 85' lang='grc' dir='ltr'><strong><em>τού</em></strong></span> <span class='ocrx_word' id='word_1_190' title='bbox 1106 2703 1240 2784; x_wconf 76' lang='grc' dir='ltr'><strong><em>αἵματος</em></strong></span> 
     </span>
     <span class='ocr_line' id='line_1_25' title="bbox 143 2798 1239 2894; baseline 0.002 -26"><span class='ocrx_word' id='word_1_191' title='bbox 143 2807 272 2894; x_wconf 75' lang='grc' dir='ltr'><strong><em>φρουρᾷ</em></strong></span> <span class='ocrx_word' id='word_1_192' title='bbox 293 2801 510 2891; x_wconf 82' lang='grc' dir='ltr'><strong><em>παραδέδωκε,</em></strong></span> <span class='ocrx_word' id='word_1_193' title='bbox 531 2802 586 2871; x_wconf 84' lang='grc' dir='ltr'><strong><em>καί</em></strong></span> <span class='ocrx_word' id='word_1_194' title='bbox 606 2798 646 2890; x_wconf 75' lang='grc' dir='ltr'><strong><em>ἦν</em></strong></span> <span class='ocrx_word' id='word_1_195' title='bbox 666 2801 851 2894; x_wconf 73' lang='grc' dir='ltr'><strong><em>ἔμφρουρος</em></strong></span> <span class='ocrx_word' id='word_1_196' title='bbox 871 2806 925 2871; x_wconf 87' lang='grc' dir='ltr'><strong><em>ἐπί</em></strong></span> <span class='ocrx_word' id='word_1_197' title='bbox 941 2803 1057 2892; x_wconf 90' lang='grc' dir='ltr'><strong><em>χρόνον</em></strong></span> <span class='ocrx_word' id='word_1_198' title='bbox 1075 2803 1147 2871; x_wconf 89' lang='grc' dir='ltr'><strong><em>τινό</em></strong></span> <span class='ocrx_word' id='word_1_199' title='bbox 1169 2808 1239 2871; x_wconf 81' lang='grc' dir='ltr'><strong><em>κατ’</em></strong></span> 
     </span>
    </p>
   </div>
   <div class='ocr_carea' id='block_1_3' title="bbox 208 2972 889 3050">
    <p class='ocr_par' dir='ltr' id='par_1_3' title="bbox 208 2946 889 3050">
     <span class='ocr_line' id='line_1_26' title="bbox 208 2972 889 3050; baseline 0.003 -20"><span class='ocrx_word' id='word_1_200' title='bbox 208 2972 461 3049; x_wconf 37' lang='lat' dir='ltr'><strong><em>clinopodium?</em></strong></span> <span class='ocrx_word' id='word_1_201' title='bbox 544 2975 570 3028; x_wconf 86' lang='grc'><strong><em>8.</em></strong></span> <span class='ocrx_word' id='word_1_202' title='bbox 587 2979 731 3050; x_wconf 78' lang='grc' dir='ltr'><strong><em>πολεμίων</em></strong></span> <span class='ocrx_word' id='word_1_203' title='bbox 749 2978 778 3032; x_wconf 82' lang='lat' dir='ltr'><strong><em>C·</em></strong></span> <span class='ocrx_word' id='word_1_204' title='bbox 884 3000 889 3007; x_wconf 92' lang='lat'><strong>·</strong></span> 
     </span>
    </p>
   </div>
   <div class='ocr_carea' id='block_1_4' title="bbox 138 3114 1341 4328">
    <p class='ocr_par' dir='ltr' id='par_1_4' title="bbox 138 3114 1341 4328">
     <span class='ocr_line' id='line_1_27' title="bbox 140 3114 1240 3182; baseline -0.005 -12"><span class='ocrx_word' id='word_1_205' title='bbox 140 3118 245 3180; x_wconf 71' lang='lat' dir='ltr'><strong>lineae,</strong></span> <span class='ocrx_word' id='word_1_206' title='bbox 272 3130 330 3166; x_wconf 89' lang='lat' dir='ltr'><strong><em>cum</em></strong></span> <span class='ocrx_word' id='word_1_207' title='bbox 349 3121 484 3167; x_wconf 79' lang='lat' dir='ltr'><strong>tortuosus</strong></span> <span class='ocrx_word' id='word_1_208' title='bbox 503 3122 644 3182; x_wconf 72' lang='lat' dir='ltr'><strong>appareret</strong></span> <span class='ocrx_word' id='word_1_209' title='bbox 673 3122 700 3166; x_wconf 90' lang='lat' dir='ltr'><strong><em>et</em></strong></span> <span class='ocrx_word' id='word_1_210' title='bbox 726 3114 902 3167; x_wconf 59' lang='lat' dir='ltr'><strong>calumniator</strong></span> <span class='ocrx_word' id='word_1_211' title='bbox 923 3123 949 3166; x_wconf 91' lang='lat' dir='ltr'><strong><em>et</em></strong></span> <span class='ocrx_word' id='word_1_212' title='bbox 965 3114 1131 3169; x_wconf 83' lang='lat' dir='ltr'><strong>machinator</strong></span> <span class='ocrx_word' id='word_1_213' title='bbox 1149 3114 1240 3167; x_wconf 83' lang='lat' dir='ltr'><strong>malo.</strong></span> 
     </span>
     <span class='ocr_line' id='line_1_28' title="bbox 139 3184 1240 3254; baseline -0.004 -13"><span class='ocrx_word' id='word_1_214' title='bbox 139 3203 205 3252; x_wconf 84' lang='lat' dir='ltr'><strong>rum,</strong></span> <span class='ocrx_word' id='word_1_215' title='bbox 225 3189 262 3238; x_wconf 84' lang='lat' dir='ltr'><strong><em>ita</em></strong></span> <span class='ocrx_word' id='word_1_216' title='bbox 278 3195 309 3238; x_wconf 94' lang='lat' dir='ltr'><strong><em>ut</em></strong></span> <span class='ocrx_word' id='word_1_217' title='bbox 328 3186 407 3238; x_wconf 82' lang='lat' dir='ltr'><strong>etiam</strong></span> <span class='ocrx_word' id='word_1_218' title='bbox 430 3187 463 3237; x_wconf 84' lang='grc' dir='ltr'><strong><em>δε</em></strong></span> <span class='ocrx_word' id='word_1_219' title='bbox 482 3187 619 3254; x_wconf 73' lang='lat' dir='ltr'><strong>Augeatae</strong></span> <span class='ocrx_word' id='word_1_220' title='bbox 647 3184 779 3237; x_wconf 87' lang='lat' dir='ltr'><strong>adulterio</strong></span> <span class='ocrx_word' id='word_1_221' title='bbox 808 3186 959 3237; x_wconf 77' lang='lat' dir='ltr'><strong>conticium</strong></span> <span class='ocrx_word' id='word_1_222' title='bbox 983 3189 1043 3254; x_wconf 80' lang='lat' dir='ltr'><strong>regi</strong></span> <span class='ocrx_word' id='word_1_223' title='bbox 1061 3188 1240 3238; x_wconf 83' lang='lat' dir='ltr'><strong>ineuaurraret</strong></span> 
     </span>
     <span class='ocr_line' id='line_1_29' title="bbox 139 3255 1238 3325; baseline -0.005 -13"><span class='ocrx_word' id='word_1_224' title='bbox 139 3259 239 3312; x_wconf 80' lang='lat' dir='ltr'><strong>invidia</strong></span> <span class='ocrx_word' id='word_1_225' title='bbox 265 3265 410 3310; x_wconf 66' lang='lat' dir='ltr'><strong>commotus</strong></span> <span class='ocrx_word' id='word_1_226' title='bbox 428 3256 568 3310; x_wconf 70' lang='lat' dir='ltr'><strong>Michaelia</strong></span> <span class='ocrx_word' id='word_1_227' title='bbox 592 3255 740 3320; x_wconf 80' lang='lat' dir='ltr'>Nicomedi,</span> <span class='ocrx_word' id='word_1_228' title='bbox 761 3258 806 3325; x_wconf 83' lang='lat' dir='ltr'><strong><em>qui</em></strong></span> <span class='ocrx_word' id='word_1_229' title='bbox 832 3271 890 3307; x_wconf 88' lang='lat' dir='ltr'><strong><em>cum</em></strong></span> <span class='ocrx_word' id='word_1_230' title='bbox 912 3270 944 3305; x_wconf 87' lang='lat' dir='ltr'><strong><em>eo</em></strong></span> <span class='ocrx_word' id='word_1_231' title='bbox 969 3257 1105 3309; x_wconf 79' lang='lat' dir='ltr'><strong>serviebat</strong></span> <span class='ocrx_word' id='word_1_232' title='bbox 1125 3265 1151 3307; x_wconf 93' lang='lat' dir='ltr'><strong><em>et</em></strong></span> <span class='ocrx_word' id='word_1_233' title='bbox 1205 3273 1238 3307; x_wconf 88' lang='grc' dir='ltr'><strong><em>ε.</em></strong></span> 
     </span>
     <span class='ocr_line' id='line_1_30' title="bbox 138 3326 1341 3397; baseline -0.007 -13"><span class='ocrx_word' id='word_1_234' title='bbox 138 3331 191 3395; x_wconf 84' lang='grc' dir='ltr'><strong><em>λιιι,</em></strong></span> <span class='ocrx_word' id='word_1_235' title='bbox 211 3346 227 3382; x_wconf 86' lang='grc' dir='ltr'><strong><em>ιι</em></strong></span> <span class='ocrx_word' id='word_1_236' title='bbox 245 3330 321 3397; x_wconf 77' lang='lat' dir='ltr'><strong>regia</strong></span> <span class='ocrx_word' id='word_1_237' title='bbox 340 3329 444 3397; x_wconf 83' lang='lat' dir='ltr'><strong>quidem</strong></span> <span class='ocrx_word' id='word_1_238' title='bbox 470 3328 531 3380; x_wconf 83' lang='lat' dir='ltr'><strong>auia</strong></span> <span class='ocrx_word' id='word_1_239' title='bbox 551 3330 673 3383; x_wconf 84' lang='grc' dir='ltr'><strong><em>δίιιιίιειιε</em></strong></span> <span class='ocrx_word' id='word_1_240' title='bbox 694 3336 750 3392; x_wconf 86' lang='grc' dir='ltr'><strong><em>εει,</em></strong></span> <span class='ocrx_word' id='word_1_241' title='bbox 779 3328 832 3379; x_wconf 83' lang='grc' dir='ltr'><strong><em>δατ</em></strong></span> <span class='ocrx_word' id='word_1_242' title='bbox 851 3336 938 3379; x_wconf 85' lang='lat' dir='ltr'><strong>autem</strong></span> <span class='ocrx_word' id='word_1_243' title='bbox 956 3326 1116 3380; x_wconf 70' lang='lat' dir='ltr'><strong>Antiochiae</strong></span> <span class='ocrx_word' id='word_1_244' title='bbox 1136 3327 1191 3380; x_wconf 77' lang='lat' dir='ltr'><strong><em>coe</em></strong></span> <span class='ocrx_word' id='word_1_245' title='bbox 1206 3341 1239 3376; x_wconf 86' lang='grc' dir='ltr'><strong><em>ε.</em></strong></span> <span class='ocrx_word' id='word_1_246' title='bbox 1335 3382 1341 3395; x_wconf 39' lang='grc' dir='ltr'><em>Ι</em></span> 
     </span>
     <span class='ocr_line' id='line_1_31' title="bbox 139 3399 1238 3470; baseline -0.007 -15"><span class='ocrx_word' id='word_1_247' title='bbox 139 3402 268 3470; x_wconf 69' lang='grc' dir='ltr'><strong><em>ιητίειιείι</em></strong></span> <span class='ocrx_word' id='word_1_248' title='bbox 285 3399 454 3464; x_wconf 83' lang='lat' dir='ltr'><strong>declaratur,</strong></span> <span class='ocrx_word' id='word_1_249' title='bbox 474 3416 508 3452; x_wconf 88' lang='grc' dir='ltr'><strong><em>ιιε</em></strong></span> <span class='ocrx_word' id='word_1_250' title='bbox 528 3401 568 3452; x_wconf 82' lang='lat' dir='ltr'><strong><em>hie</em></strong></span> <span class='ocrx_word' id='word_1_251' title='bbox 588 3401 694 3470; x_wconf 87' lang='lat' dir='ltr'><strong>quidem</strong></span> <span class='ocrx_word' id='word_1_252' title='bbox 713 3400 832 3468; x_wconf 73' lang='lat' dir='ltr'><strong>partibus</strong></span> <span class='ocrx_word' id='word_1_253' title='bbox 860 3400 1014 3451; x_wconf 82' lang='lat' dir='ltr'><strong>intentatam</strong></span> <span class='ocrx_word' id='word_1_254' title='bbox 1035 3408 1062 3451; x_wconf 88' lang='grc' dir='ltr'><strong><em>ει</em></strong></span> <span class='ocrx_word' id='word_1_255' title='bbox 1079 3399 1238 3452; x_wconf 81' lang='lat' dir='ltr'><strong>inturbatam</strong></span> 
     </span>
     <span class='ocr_line' id='line_1_32' title="bbox 139 3468 1238 3538; baseline -0.01 -11"><span class='ocrx_word' id='word_1_256' title='bbox 139 3472 392 3527; x_wconf 77' lang='lat' dir='ltr'><strong>administrationem</strong></span> <span class='ocrx_word' id='word_1_257' title='bbox 410 3471 535 3538; x_wconf 85' lang='lat' dir='ltr'><strong>reliquit:</strong></span> <span class='ocrx_word' id='word_1_258' title='bbox 554 3471 738 3525; x_wconf 69' lang='lat' dir='ltr'><strong><em>simulationes</em></strong></span> <span class='ocrx_word' id='word_1_259' title='bbox 763 3473 920 3525; x_wconf 78' lang='lat' dir='ltr'><strong>infectorum</strong></span> <span class='ocrx_word' id='word_1_260' title='bbox 939 3481 1066 3538; x_wconf 84' lang='lat' dir='ltr'><strong>apparatu</strong></span> <span class='ocrx_word' id='word_1_261' title='bbox 1086 3468 1238 3538; x_wconf 73' lang='lat' dir='ltr'><strong>praecidio.</strong></span> 
     </span>
     <span class='ocr_line' id='line_1_33' title="bbox 139 3539 1238 3609; baseline -0.007 -10"><span class='ocrx_word' id='word_1_262' title='bbox 139 3562 194 3599; x_wconf 82' lang='lat' dir='ltr'><strong><em>rum</em></strong></span> <span class='ocrx_word' id='word_1_263' title='bbox 225 3560 369 3597; x_wconf 86' lang='grc' dir='ltr'><strong><em>εοιιιιειειιι</em></strong></span> <span class='ocrx_word' id='word_1_264' title='bbox 389 3553 416 3596; x_wconf 88' lang='lat' dir='ltr'><strong><em>et</em></strong></span> <span class='ocrx_word' id='word_1_265' title='bbox 435 3545 553 3598; x_wconf 72' lang='lat' dir='ltr'><strong>excitans</strong></span> <span class='ocrx_word' id='word_1_266' title='bbox 573 3543 738 3608; x_wconf 78' lang='lat' dir='ltr'><strong>Saracenos,</strong></span> <span class='ocrx_word' id='word_1_267' title='bbox 758 3553 787 3596; x_wconf 88' lang='lat' dir='ltr'><strong><em>ut</em></strong></span> <span class='ocrx_word' id='word_1_268' title='bbox 807 3542 902 3609; x_wconf 79' lang='lat' dir='ltr'><strong>oppida</strong></span> <span class='ocrx_word' id='word_1_269' title='bbox 921 3543 1035 3594; x_wconf 72' lang='lat' dir='ltr'><strong>adversa</strong></span> <span class='ocrx_word' id='word_1_270' title='bbox 1053 3548 1188 3594; x_wconf 82' lang='lat' dir='ltr'><strong>etruereut</strong></span> <span class='ocrx_word' id='word_1_271' title='bbox 1205 3539 1238 3591; x_wconf 86' lang='lat' dir='ltr'><strong><em>ud</em></strong></span> 
     </span>
     <span class='ocr_line' id='line_1_34' title="bbox 139 3614 1239 3685; baseline -0.008 -15"><span class='ocrx_word' id='word_1_272' title='bbox 139 3618 207 3670; x_wconf 74' lang='lat' dir='ltr'><strong>arcia</strong></span> <span class='ocrx_word' id='word_1_273' title='bbox 226 3619 370 3685; x_wconf 88' lang='lat' dir='ltr'><strong>impetum,</strong></span> <span class='ocrx_word' id='word_1_274' title='bbox 397 3623 424 3667; x_wconf 90' lang='lat' dir='ltr'><strong><em>et</em></strong></span> <span class='ocrx_word' id='word_1_275' title='bbox 450 3632 508 3668; x_wconf 92' lang='lat' dir='ltr'><strong><em>cum</em></strong></span> <span class='ocrx_word' id='word_1_276' title='bbox 538 3615 642 3668; x_wconf 85' lang='lat' dir='ltr'><strong>bellare</strong></span> <span class='ocrx_word' id='word_1_277' title='bbox 661 3624 753 3669; x_wconf 83' lang='lat' dir='ltr'><strong>centra</strong></span> <span class='ocrx_word' id='word_1_278' title='bbox 780 3615 829 3667; x_wconf 86' lang='grc' dir='ltr'><strong><em>Ιιοι</em></strong></span> <span class='ocrx_word' id='word_1_279' title='bbox 855 3614 899 3665; x_wconf 85' lang='lat' dir='ltr'><strong><em>rei</em></strong></span> <span class='ocrx_word' id='word_1_280' title='bbox 926 3614 1065 3667; x_wconf 76' lang='lat' dir='ltr'><strong>debellare</strong></span> <span class='ocrx_word' id='word_1_281' title='bbox 1093 3627 1147 3665; x_wconf 89' lang='grc' dir='ltr'><strong><em>ειοιι</em></strong></span> <span class='ocrx_word' id='word_1_282' title='bbox 1172 3626 1239 3680; x_wconf 80' lang='grc' dir='ltr'><strong><em>φοι.</em></strong></span> 
     </span>
     <span class='ocr_line' id='line_1_35' title="bbox 138 3685 1239 3753; baseline -0.006 -12"><span class='ocrx_word' id='word_1_283' title='bbox 138 3698 197 3753; x_wconf 83' lang='grc' dir='ltr'><strong><em>εει,</em></strong></span> <span class='ocrx_word' id='word_1_284' title='bbox 222 3689 255 3741; x_wconf 84' lang='grc' dir='ltr'><strong><em>εδ</em></strong></span> <span class='ocrx_word' id='word_1_285' title='bbox 282 3688 433 3740; x_wconf 81' lang='lat' dir='ltr'><strong>bellandum</strong></span> <span class='ocrx_word' id='word_1_286' title='bbox 461 3696 553 3740; x_wconf 86' lang='lat' dir='ltr'><strong>contra</strong></span> <span class='ocrx_word' id='word_1_287' title='bbox 580 3687 696 3740; x_wconf 74' lang='lat' dir='ltr'><strong>Graecos</strong></span> <span class='ocrx_word' id='word_1_288' title='bbox 722 3695 749 3738; x_wconf 89' lang='lat' dir='ltr'><strong><em>et</em></strong></span> <span class='ocrx_word' id='word_1_289' title='bbox 770 3687 951 3739; x_wconf 71' lang='lat' dir='ltr'><strong>resistendum</strong></span> <span class='ocrx_word' id='word_1_290' title='bbox 971 3685 1050 3737; x_wconf 84' lang='lat' dir='ltr'><strong>urbea</strong></span> <span class='ocrx_word' id='word_1_291' title='bbox 1079 3686 1239 3739; x_wconf 75' lang='lat' dir='ltr'><strong>Graecorum</strong></span> 
     </span>
     <span class='ocr_line' id='line_1_36' title="bbox 139 3758 1239 3828; baseline -0.005 -14"><span class='ocrx_word' id='word_1_292' title='bbox 139 3761 234 3815; x_wconf 80' lang='lat' dir='ltr'><strong>fluibur</strong></span> <span class='ocrx_word' id='word_1_293' title='bbox 254 3760 358 3814; x_wconf 74' lang='lat' dir='ltr'><strong>vicinae</strong></span> <span class='ocrx_word' id='word_1_294' title='bbox 379 3759 521 3812; x_wconf 82' lang='lat' dir='ltr'><strong>excitabat.</strong></span> <span class='ocrx_word' id='word_1_295' title='bbox 541 3758 587 3811; x_wconf 82' lang='lat' dir='ltr'><strong>aeti</strong></span> <span class='ocrx_word' id='word_1_296' title='bbox 600 3775 635 3811; x_wconf 89' lang='grc' dir='ltr'><strong><em>ιιο</em></strong></span> <span class='ocrx_word' id='word_1_297' title='bbox 653 3760 791 3828; x_wconf 76' lang='lat' dir='ltr'><strong>indigenae</strong></span> <span class='ocrx_word' id='word_1_298' title='bbox 811 3758 915 3827; x_wconf 87' lang='lat' dir='ltr'><strong>quidem</strong></span> <span class='ocrx_word' id='word_1_299' title='bbox 930 3758 1127 3811; x_wconf 78' lang='grc' dir='ltr'><strong><em>Αιιιίοείιειιεεε</em></strong></span> <span class='ocrx_word' id='word_1_300' title='bbox 1148 3759 1239 3827; x_wconf 85' lang='lat' dir='ltr'><strong>quiete</strong></span> 
     </span>
     <span class='ocr_line' id='line_1_37' title="bbox 139 3827 1253 3900; baseline -0.005 -14"><span class='ocrx_word' id='word_1_301' title='bbox 139 3843 165 3886; x_wconf 89' lang='lat' dir='ltr'><strong><em>et</em></strong></span> <span class='ocrx_word' id='word_1_302' title='bbox 184 3834 242 3885; x_wconf 83' lang='lat' dir='ltr'><strong>aiae</strong></span> <span class='ocrx_word' id='word_1_303' title='bbox 261 3830 393 3884; x_wconf 79' lang='lat' dir='ltr'><strong>moiertiie</strong></span> <span class='ocrx_word' id='word_1_304' title='bbox 412 3846 494 3900; x_wconf 75' lang='lat' dir='ltr'><strong>ugera</strong></span> <span class='ocrx_word' id='word_1_305' title='bbox 519 3832 597 3896; x_wconf 78' lang='lat' dir='ltr'><strong>civit,</strong></span> <span class='ocrx_word' id='word_1_306' title='bbox 617 3832 694 3883; x_wconf 85' lang='lat' dir='ltr'><strong>modo</strong></span> <span class='ocrx_word' id='word_1_307' title='bbox 712 3830 788 3881; x_wconf 73' lang='lat' dir='ltr'><strong>benis</strong></span> <span class='ocrx_word' id='word_1_308' title='bbox 807 3827 955 3896; x_wconf 73' lang='lat' dir='ltr'><strong>spoliator,</strong></span> <span class='ocrx_word' id='word_1_309' title='bbox 974 3831 1052 3882; x_wconf 84' lang='lat' dir='ltr'><strong>mode</strong></span> <span class='ocrx_word' id='word_1_310' title='bbox 1071 3831 1253 3898; x_wconf 56' lang='lat' dir='ltr'><strong>erogationi:</strong></span> 
     </span>
     <span class='ocr_line' id='line_1_38' title="bbox 138 3899 1238 3971; baseline -0.003 -16"><span class='ocrx_word' id='word_1_311' title='bbox 138 3905 186 3956; x_wconf 81' lang='lat' dir='ltr'><strong><em>buu</em></strong></span> <span class='ocrx_word' id='word_1_312' title='bbox 209 3902 357 3956; x_wconf 81' lang='lat' dir='ltr'><strong>temerariis</strong></span> <span class='ocrx_word' id='word_1_313' title='bbox 376 3911 501 3971; x_wconf 78' lang='lat' dir='ltr'><strong>gravatos</strong></span> <span class='ocrx_word' id='word_1_314' title='bbox 520 3903 679 3971; x_wconf 74' lang='lat' dir='ltr'><strong>tributisque</strong></span> <span class='ocrx_word' id='word_1_315' title='bbox 704 3899 865 3952; x_wconf 85' lang='lat' dir='ltr'><strong>crudelibua.</strong></span> <span class='ocrx_word' id='word_1_316' title='bbox 904 3902 950 3969; x_wconf 84' lang='lat' dir='ltr'><strong><em>qui</em></strong></span> <span class='ocrx_word' id='word_1_317' title='bbox 970 3901 1021 3953; x_wconf 86' lang='lat' dir='ltr'><strong><em>hcc</em></strong></span> <span class='ocrx_word' id='word_1_318' title='bbox 1039 3918 1149 3954; x_wconf 86' lang='lat' dir='ltr'><strong>munere</strong></span> <span class='ocrx_word' id='word_1_319' title='bbox 1169 3918 1238 3953; x_wconf 85' lang='lat' dir='ltr'><strong>exu-</strong></span> 
     </span>
     <span class='ocr_line' id='line_1_39' title="bbox 139 3971 1238 4041; baseline -0.006 -14"><span class='ocrx_word' id='word_1_320' title='bbox 139 3984 180 4031; x_wconf 85' lang='lat' dir='ltr'><strong><em>tm</em></strong></span> <span class='ocrx_word' id='word_1_321' title='bbox 198 3990 261 4027; x_wconf 84' lang='lat' dir='ltr'><strong><em>mcx</em></strong></span> <span class='ocrx_word' id='word_1_322' title='bbox 280 3976 385 4038; x_wconf 86' lang='lat' dir='ltr'><strong>iterum,</strong></span> <span class='ocrx_word' id='word_1_323' title='bbox 406 3982 435 4025; x_wconf 92' lang='grc' dir='ltr'><strong><em>ιιι</em></strong></span> <span class='ocrx_word' id='word_1_324' title='bbox 454 3981 529 4026; x_wconf 87' lang='lat' dir='ltr'><strong>eraut</strong></span> <span class='ocrx_word' id='word_1_325' title='bbox 548 3975 606 4025; x_wconf 84' lang='lat' dir='ltr'><strong>eiua</strong></span> <span class='ocrx_word' id='word_1_326' title='bbox 625 3974 670 4041; x_wconf 89' lang='lat' dir='ltr'><strong><em>qui</em></strong></span> <span class='ocrx_word' id='word_1_327' title='bbox 689 3980 743 4023; x_wconf 89' lang='lat' dir='ltr'><strong><em>tum</em></strong></span> <span class='ocrx_word' id='word_1_328' title='bbox 763 3971 892 4041; x_wconf 72' lang='lat' dir='ltr'><strong>regnabat</strong></span> <span class='ocrx_word' id='word_1_329' title='bbox 912 3974 1070 4041; x_wconf 73' lang='lat' dir='ltr'><strong>praecipitia</strong></span> <span class='ocrx_word' id='word_1_330' title='bbox 1091 3982 1118 4025; x_wconf 88' lang='lat' dir='ltr'><strong><em>et</em></strong></span> <span class='ocrx_word' id='word_1_331' title='bbox 1136 3972 1238 4026; x_wconf 85' lang='lat' dir='ltr'><strong>turbida</strong></span> 
     </span>
     <span class='ocr_line' id='line_1_40' title="bbox 140 4043 1238 4111; baseline -0.005 -13"><span class='ocrx_word' id='word_1_332' title='bbox 140 4046 262 4109; x_wconf 78' lang='lat' dir='ltr'><strong>coasilia,</strong></span> <span class='ocrx_word' id='word_1_333' title='bbox 281 4048 309 4097; x_wconf 85' lang='lat' dir='ltr'><strong><em>in</em></strong></span> <span class='ocrx_word' id='word_1_334' title='bbox 328 4044 469 4097; x_wconf 74' lang='lat' dir='ltr'><strong>secuudum</strong></span> <span class='ocrx_word' id='word_1_335' title='bbox 488 4046 583 4097; x_wconf 80' lang='lat' dir='ltr'><strong>miaeue</strong></span> <span class='ocrx_word' id='word_1_336' title='bbox 602 4043 795 4111; x_wconf 76' lang='lat' dir='ltr'><strong>praefecturam</strong></span> <span class='ocrx_word' id='word_1_337' title='bbox 815 4057 870 4094; x_wconf 87' lang='lat' dir='ltr'><strong><em>nou</em></strong></span> <span class='ocrx_word' id='word_1_338' title='bbox 888 4047 1017 4098; x_wconf 87' lang='lat' dir='ltr'><strong>minorem</strong></span> <span class='ocrx_word' id='word_1_339' title='bbox 1038 4043 1126 4097; x_wconf 83' lang='lat' dir='ltr'><strong>attulit</strong></span> <span class='ocrx_word' id='word_1_340' title='bbox 1145 4044 1238 4110; x_wconf 79' lang='lat' dir='ltr'><strong>pruri-</strong></span> 
     </span>
     <span class='ocr_line' id='line_1_41' title="bbox 139 4115 1238 4185; baseline -0.006 -16"><span class='ocrx_word' id='word_1_341' title='bbox 139 4126 227 4169; x_wconf 84' lang='lat' dir='ltr'><strong>tatem.</strong></span> <span class='ocrx_word' id='word_1_342' title='bbox 265 4132 332 4185; x_wconf 75' lang='lat' dir='ltr'><strong>rege</strong></span> <span class='ocrx_word' id='word_1_343' title='bbox 350 4124 454 4168; x_wconf 84' lang='lat' dir='ltr'><strong>mortuo</strong></span> <span class='ocrx_word' id='word_1_344' title='bbox 474 4125 501 4168; x_wconf 86' lang='lat' dir='ltr'><strong><em>et</em></strong></span> <span class='ocrx_word' id='word_1_345' title='bbox 518 4116 639 4183; x_wconf 73' lang='lat' dir='ltr'><strong>Augusta</strong></span> <span class='ocrx_word' id='word_1_346' title='bbox 657 4129 767 4182; x_wconf 70' lang='lat' dir='ltr'><strong>reguum</strong></span> <span class='ocrx_word' id='word_1_347' title='bbox 787 4116 900 4182; x_wconf 82' lang='lat' dir='ltr'><strong>adepta,</strong></span> <span class='ocrx_word' id='word_1_348' title='bbox 920 4119 994 4168; x_wconf 84' lang='lat' dir='ltr'><strong>varia</strong></span> <span class='ocrx_word' id='word_1_349' title='bbox 1015 4116 1064 4168; x_wconf 83' lang='lat' dir='ltr'><strong>iuit</strong></span> <span class='ocrx_word' id='word_1_350' title='bbox 1082 4115 1189 4183; x_wconf 72' lang='lat' dir='ltr'><strong>pessimi</strong></span> <span class='ocrx_word' id='word_1_351' title='bbox 1211 4120 1238 4163; x_wconf 84' lang='lat' dir='ltr'><strong><em>et</em></strong></span> 
     </span>
     <span class='ocr_line' id='line_1_42' title="bbox 141 4183 1239 4255; baseline -0.005 -17"><span class='ocrx_word' id='word_1_352' title='bbox 141 4188 307 4240; x_wconf 78' lang='lat' dir='ltr'><strong>iniuatieaimi</strong></span> <span class='ocrx_word' id='word_1_353' title='bbox 329 4187 444 4239; x_wconf 76' lang='lat' dir='ltr'><strong>hominm</strong></span> <span class='ocrx_word' id='word_1_354' title='bbox 463 4188 576 4239; x_wconf 79' lang='lat' dir='ltr'><strong>fortuna.</strong></span> <span class='ocrx_word' id='word_1_355' title='bbox 596 4187 752 4254; x_wconf 73' lang='lat' dir='ltr'><strong>rescriptum</strong></span> <span class='ocrx_word' id='word_1_356' title='bbox 774 4187 843 4238; x_wconf 83' lang='lat' dir='ltr'><strong>enim</strong></span> <span class='ocrx_word' id='word_1_357' title='bbox 863 4189 1060 4255; x_wconf 85' lang='lat' dir='ltr'><strong>imperatorium</strong></span> <span class='ocrx_word' id='word_1_358' title='bbox 1078 4183 1239 4237; x_wconf 75' lang='lat' dir='ltr'><strong>Antiochiae</strong></span> 
     </span>
     <span class='ocr_line' id='line_1_43' title="bbox 142 4254 1239 4328; baseline -0.005 -19"><span class='ocrx_word' id='word_1_359' title='bbox 142 4272 199 4310; x_wconf 83' lang='lat' dir='ltr'><strong><em>eum</em></strong></span> <span class='ocrx_word' id='word_1_360' title='bbox 219 4258 415 4323; x_wconf 71' lang='lat' dir='ltr'><strong>deprehensum</strong></span> <span class='ocrx_word' id='word_1_361' title='bbox 441 4260 468 4310; x_wconf 87' lang='lat' dir='ltr'><strong><em>in</em></strong></span> <span class='ocrx_word' id='word_1_362' title='bbox 486 4255 595 4311; x_wconf 78' lang='lat' dir='ltr'><strong>vincula</strong></span> <span class='ocrx_word' id='word_1_363' title='bbox 613 4265 736 4328; x_wconf 85' lang='lat' dir='ltr'><strong>tauquam</strong></span> <span class='ocrx_word' id='word_1_364' title='bbox 764 4273 949 4326; x_wconf 77' lang='lat' dir='ltr'><strong>percurrerem</strong></span> <span class='ocrx_word' id='word_1_365' title='bbox 968 4257 1093 4320; x_wconf 78' lang='lat' dir='ltr'><strong>coniecit,</strong></span> <span class='ocrx_word' id='word_1_366' title='bbox 1112 4262 1140 4306; x_wconf 83' lang='lat' dir='ltr'><strong><em>et</em></strong></span> <span class='ocrx_word' id='word_1_367' title='bbox 1155 4254 1239 4305; x_wconf 88' lang='lat' dir='ltr'><strong>iacuit</strong></span> 
     </span>
    </p>
   </div>
   <div class='ocr_carea' id='block_1_5' title="bbox 0 0 1580 4986">
    <p class='ocr_par' dir='ltr' id='par_1_5' title="bbox 0 0 1580 4986">
     <span class='ocr_line' id='line_1_44' title="bbox 0 0 1580 4986; baseline 0 0"><span class='ocrx_word' id='word_1_368' title='bbox 0 0 1580 4986; x_wconf 95' lang='lat' dir='ltr'><strong><em> </em></strong></span> 
     </span>
    </p>
   </div>
  </div>
 </body>
</html>
