3222 5000
378 358 424 426 ιο
666 314 885 425 urcuinurs
916 349 1175 419 λοολωοτεο

373 488 417 599 τός
436 522 588 603 βασιλεῦς
609 522 781 603 διοίκησιν,
805 516 899 605 όῖδίφ
927 512 1043 592 έλόσας
1065 517 1170 602 φυγῇ,
1193 509 1268 588 τοῦς
1288 511 1325 576 δέ
1347 510 1477 589 λοιποός

373 622 515 707 όιιμῆτας
538 622 593 686 καί
611 618 664 687 τόν
684 617 795 702 ἴουγον
812 619 1049 701 ἐπανθοῦντος,
1071 609 1126 690 οὓς
1153 618 1190 680 δέ
1210 618 1265 679 καί
1285 611 1475 697 προσηβους,

372 724 521 805 ἐκτομίας
556 719 826 807 ἀπεργασόμενος.
882 719 938 781 καί
969 714 1004 780 τό
1027 721 1114 800 γένος
1152 716 1256 779 αότοῦ
1283 717 1394 779 τοῦτον
1422 711 1477 778 τόν

371 823 489 906 τρόπον
511 825 749 905 καταστρέψας,
771 813 898 907 όφρονα
916 821 1009 901 ζῆλον
1029 820 1227 904 προσφέρειν
1246 823 1311 890 τοῖς
1334 822 1477 890 συνετυῦς

372 921 493 1007 ἔδοξεν,
516 912 719 1004 ἐψιλωμένον
734 913 851 984 ἔαυτόν
872 916 1027 1001 τοσαύτης
1047 918 1198 1001 βοηθείας
1219 914 1274 979 καί
1294 915 1502 997 συγγενικῆςῦ

370 1024 521 1108 βοηθείας
546 1021 814 1105 ἀπεργασόμενος.

466 1123 594 1205 Ἀμέλει
615 1145 663 1188 τοι
681 1123 736 1187 καί
755 1120 834 1186 κατὰ
851 1119 908 1204 την
928 1118 1022 1184 θείαν
1034 1118 1089 1182 καί
1110 1120 1270 1201 πάνδημον
1289 1109 1400 1200 έορτῆν
1421 1118 1477 1197 τῆς
1536 1198 1540 1201 Δ

297 1220 304 1229 “
370 1219 559 1309 ῦπερφυοῦς
582 1220 786 1297 όναστοίοεως
808 1223 953 1304 Χριστοῦ
974 1223 1032 1283 τοῦ
1051 1223 1131 1283 θεοῦ
1152 1217 1251 1302 ἡμῶν,
1274 1211 1343 1301 ἥτις
1364 1215 1474 1297 πόσχα

370 1321 528 1407 σωτήριον
547 1332 611 1399 τοῖς
633 1321 814 1404 όρθοδόξως
837 1319 1005 1399 δοξάζουσι
1028 1315 1254 1399 διωνόμοστοι,
1279 1320 1334 1401 τῆς
1346 1320 1476 1397 βασιλι-

371 1426 428 1506 τῆς
459 1422 721 1506 εότροπιζομένης
749 1420 887 1500 προόδου
923 1415 952 1482 οἱ
983 1421 1040 1501 τῆς
1068 1412 1186 1502 όγυρῦς
1217 1416 1472 1502 προεξόρχοντις,
1484 1433 1517 1487 ιο

371 1525 474 1587 πέπλοι
495 1518 608 1603 σηρινό
641 1521 818 1596 πολυτελοῦς
839 1522 1042 1603 έξυφασμένα
1071 1522 1110 1605 τῇ
1134 1520 1172 1605 γῇ
1196 1513 1472 1597 καταστρώσαντες

371 1621 425 1686 ἀπ’
449 1621 555 1685 αότιόν
574 1622 636 1685 suiv
657 1618 838 1702 donationes
858 1621 954 1702 μέχρι
979 1621 1043 1684 τιόν
1062 1625 1118 1685 τοῦ
1139 1617 1314 1699 σεβασμίου
1337 1614 1392 1681 xci
1411 1637 1473 1695 με·

370 1727 477 1805 γίστου
499 1723 578 1784 ναοῦ
613 1721 666 1804 τῆς
694 1721 749 1784 τοῦ
785 1722 863 1784 θεοῦ
888 1716 981 1800 λόγου
1013 1718 1105 1802 όγίιις
1127 1719 1244 1804 σοφίας
1269 1718 1399 1793 πυλοῦν,
1420 1719 1475 1781 έπέ

369 1817 492 1895 τούτοις
515 1819 569 1883 τόν
588 1824 724 1902 βασιλέα
748 1819 830 1902 μετὰ
852 1825 906 1903 τῆς
934 1820 1175 1906 δορυφοροόσης
1205 1816 1303 1882 αῦτόν
1324 1816 1473 1894 εόταξίας

372 1924 509 1985 διελθεῖν
532 1918 706 2007 φιλοτίμως
727 1920 997 2005 παρεσκευόκασι.
1037 1918 1118 2002 μετὰ
1142 1923 1296 1986 δὲταῦτα
1317 1921 1373 1984 καί
1391 1916 1471 1982 κατὰ
1482 1941 1513 1993 15

369 2019 426 2105 την
445 2025 520 2086 νέαν
541 2021 695 2105 κυριακίην
716 2024 856 2107 έφίππου
890 2026 945 2103 τῆς
970 2020 1109 2104 προόδου
1135 2021 1338 2106 γεγενημένης
1363 2022 1473 2104 έπερι-

370 2117 565 2186 πετέννυντο
574 2110 649 2228 ρῖδε
668 2122 794 2187 κόκεῖσε
818 2119 855 2185 τό
870 2124 1025 2204 πολυτελῆ
1040 2125 1102 2187 τῶν
1124 2120 1324 2208 ῦφασμότων
1345 2122 1402 2184 καί
1424 2124 1471 2184 τί·

367 2244 437 2306 μου,
457 2221 511 2285 καί
530 2221 647 2303 κόσμος.
666 2214 758 2298 ἄλλος
778 2224 890 2311 χρυσῷ
916 2227 970 2287 καί
993 2220 1123 2311 α’ργόρφ
1145 2220 1390 2305 καταστρόπτων
1410 2245 1472 2285 ου-

257 2385 263 2399 ,
369 2326 469 2405 νεχυῦς
492 2317 709 2407 όπερηρτητο,
738 2321 793 2386 καί
822 2323 886 2386 πᾶν
918 2321 951 2387 τὸ
978 2325 1033 2406 τῆς
1060 2325 1177 2405 α’γορῦς
1207 2324 1473 2407 στεφανηφοροῦν

271 2426 276 2431 “
367 2424 424 2487 καί
443 2415 508 2489 οἷον
529 2419 679 2504 ἓορτόζον
706 2419 899 2505 χαρμόσυνά
922 2446 991 2487 τινα
1019 2426 1074 2486 καί
1094 2421 1283 2506 σωτηριιόόη
1314 2426 1517 2501 aursino-20

367 2521 521 2608 πρῦνετο·
566 2522 584 2606 ἦ
622 2525 657 2586 δέ
682 2520 852 2606 προπομποὶ
883 2521 1053 2606 θαυμαστή
1081 2525 1125 2610 τῷ
1143 2511 1207 2586 ὅντε
1235 2524 1290 2586 καί
1308 2520 1470 2605 βασιλική,

368 2620 574 2706 πανταχόθεν
594 2625 768 2707 εόφημίαις
790 2627 1043 2708 συγκροτουμένη
1078 2621 1133 2688 καί
1160 2620 1274 2705 χόρτοι
1299 2626 1353 2687 καί
1372 2645 1470 2687 ποια·

368 2730 491 2803 νισμοῐς
515 2725 700 2808 ίξαιρομένη
722 2726 779 2806 τῆς
796 2721 934 2805 πόλεως,
966 2724 1048 2809 πλην
1068 2721 1145 2791 όσον
1172 2722 1207 2789 τό
1229 2725 1287 2788 τοῦ
1308 2722 1470 2808 συνήθους
1536 2738 1541 2746 ·

439 2925 465 2977 ⁶·
482 2929 626 2998 sororias]
649 2927 793 2996 σπουόῆτλ
810 2945 844 2982 nn
863 2928 995 3002 δρυγῆςλ
1104 2930 1144 2981 11.
1166 2924 1268 3002 συριιιό
1288 2929 1318 2984 C.
1423 2926 1466 2980 to,

444 2998 493 3068 ἐφ’
512 3000 604 3066 ἵππου
622 2998 651 3053 C.
750 3001 793 3053 23.
813 2996 845 3056 τό
863 3009 1024 3068 suspectum.

368 3197 463 3253 gentes
482 3196 509 3239 et
529 3189 628 3240 circum
654 3190 763 3258 primani
791 3190 896 3242 Ινοτλναιο
916 3190 1057 3255 florentes,
1086 3191 1230 3243 nonnullos
1254 3192 1332 3242 etiam
1350 3198 1468 3242 maturos

368 3259 504 3312 iaciendos
524 3269 629 3313 curaret
651 3262 808 3325 eunuchos,
839 3270 865 3313 et
883 3279 968 3330 genus
987 3278 1062 3313 suum
1085 3262 1136 3313 iroc
1160 3263 1237 3314 modo
1257 3261 1370 3325 deleret,
1392 3263 1468 3312 insa-

367 3345 428 3381 num
446 3331 559 3383 studium
577 3331 704 3385 adhibere
716 3333 890 3401 prudentibus
909 3335 982 3385 visus
1002 3343 1052 3397 ost,
1072 3336 1117 3403 qui
1136 3342 1210 3386 tanto
1231 3332 1331 3385 auxilio
1354 3340 1381 3383 et
1401 3348 1467 3399 pro.

311 3428 321 3448 ι
367 3402 525 3469 pinquorum
545 3403 639 3470 opibus
658 3420 687 3455 so
707 3404 828 3456 nudaret,

465 3474 587 3526 Attnrnen
605 3476 684 3526 etism
704 3475 795 3526 divino
815 3483 841 3526 et
861 3477 991 3528 communi
1012 3476 1081 3529 festo
1100 3477 1267 3529 admirandae
1285 3477 1467 3528 resurreetio.

366 3547 407 3597 uir
427 3546 526 3597 Christi
549 3547 591 3598 dei
612 3547 706 3610 nostri,
728 3547 798 3614 quod
819 3546 917 3613 ρεσυλτ
935 3547 1101 3601 salutiferum
1134 3548 1166 3600 ab
1185 3550 1218 3599 iis
1236 3549 1281 3617 qui
1301 3563 1383 3600 verae
1402 3548 1468 3599 iidei

366 3614 461 3666 addicti
481 3626 542 3667 sunt
554 3619 715 3669 nominatum
735 3626 784 3681 est,
805 3634 864 3668 cum
886 3621 960 3687 regia
978 3628 1117 3686 pararetur
1135 3634 1239 3687 pompa,
1258 3619 1391 3671 antistites
1414 3618 1468 3670 iori

366 3686 483 3753 stragula
504 3686 596 3739 Serico
615 3691 733 3755 pretiose
752 3698 825 3740 texts
840 3689 910 3742 humi
931 3700 1081 3743 sternentes
1096 3692 1157 3742 inde
1176 3708 1191 3743 n
1210 3692 1285 3759 regin
1305 3692 1361 3757 ipss
1380 3704 1468 3758 usquo

365 3756 397 3808 nd
421 3765 511 3821 portas
529 3759 692 3810 venerabilis
713 3770 739 3812 et
758 3762 863 3812 maximi
889 3764 980 3829 templi
1001 3763 1147 3829 sapientior
1165 3770 1272 3814 sunctae
1295 3761 1402 3813 divinae
1420 3775 1469 3812 rn-

366 3826 447 3878 tionis
468 3827 493 3877 in
514 3824 555 3877 his
574 3836 603 3877 ut
622 3846 668 3880 rer
689 3848 747 3882 oum
767 3833 859 3884 ordine
877 3833 1022 3886 ssteiiitutn
1044 3847 1102 3884 eunt
1121 3835 1263 3885 comitante
1281 3832 1470 3901 ingrederetur

367 3898 486 3950 certatim
521 3897 675 3950 effecerunt.
724 3903 820 3954 deinde
845 3914 949 3969 nutem,
973 3907 1050 3957 etium
1071 3919 1140 3956 noun
1159 3904 1202 3955 die
1226 3904 1293 3955 iestn
1313 3918 1370 3954 cum
1391 3904 1471 3970 oquin

368 3983 462 4035 pompa
483 3969 561 4019 tieret
588 3971 686 4020 circum
708 3974 862 4025 aternebnnt
886 3976 930 4027 hic
950 3984 976 4027 et
1001 3975 1057 4027 iilic
1076 3977 1194 4042 pretiosa
1213 3975 1317 4026 textilis
1337 3981 1363 4025 et
1382 3975 1471 4025 aesti-

365 4046 455 4101 mato,
488 4046 516 4089 et
534 4048 642 4091 ornatus
660 4040 728 4096 eiius
746 4057 810 4093 suro
830 4053 983 4115 etnrgento
1013 4034 1118 4114 fulgens'
1148 4045 1295 4097 eminebnt:
1321 4053 1346 4095 et
1374 4060 1472 4098 ornnes

366 4111 411 4178 qui
434 4111 460 4160 in
487 4110 545 4160 ioro
574 4120 644 4163 serto
674 4113 803 4180 gerebant
830 4123 856 4166 et
876 4118 970 4170 testum
997 4117 1168 4170 celebrabant
1192 4117 1255 4169 iusti
1285 4126 1311 4167 et
1335 4116 1472 4167 satutem

366 4180 585 4234 ostentabantur:
606 4186 758 4250 prosecutio
778 4194 865 4236 autern
890 4188 1053 4241 admirabilis
1072 4197 1128 4240 erat
1147 4203 1242 4239 revera
1263 4196 1289 4239 et
1308 4188 1392 4255 regis,
1414 4202 1472 4238 un.

366 4252 445 4322 dique
472 4254 707 4309 acclamationibus
732 4256 859 4327 oppinuss
887 4267 914 4312 et
938 4261 1031 4328 gratiis
1057 4268 1083 4311 et
1106 4258 1250 4329 paeonibus
1278 4259 1348 4313 etsta
1376 4258 1474 4321 υτΙνίες
