3182 4986
451 390 456 395 .
565 388 569 395 ,
594 333 803 403 HISTORIA.
1179 335 1246 405 121

141 500 183 568 τὸ
209 499 350 586 κρημνόν
367 500 603 577 ἀποτέμνεσθαι
627 500 788 579 μέγιστον.
840 497 884 572 ώς
904 498 939 563 dd
961 499 1119 584 α’νίστησα
1139 500 1253 565 τοῦτον

141 604 190 689 τῷ
212 602 331 687 ῥυτῆρι
353 600 457 679 νύξας,
478 595 579 672 τιν’θύς
601 599 860 679 διατιναξοὶμενος
871 597 1053 680 αὐτόματος
1073 602 1114 664 δι’
1133 593 1253 664 ἑαυτοῦ

141 705 193 790 τῷ
217 702 344 790 κρημνῷ
364 694 479 765 ἑαυτὸν
501 696 735 781 κατηκόντισεν.
766 697 835 783 ἐγώ
850 700 885 764 δὲ
906 705 1017 781 μείνας
1040 698 1137 786 ὄρθὸς
1157 701 1252 779 δόξαν

142 805 207 885 μὲν
228 806 272 889 στῆ
297 805 362 888 θεῷ
391 803 446 883 τῆς
466 802 525 864 τοῦ
553 797 698 863 κινδύνου
722 799 908 882 ἐλευθερίας
931 800 1117 884 α’νίπεμψα,
1138 803 1252 881 θαῦμα

117 905 185 967 bdd
213 910 280 975 τοῖς
309 906 435 974 πολλοῖς
466 901 721 981 προσενίσταξα,
751 895 857 980 ὅπως,
892 893 959 966 οἷον
991 903 1025 965 ἐκ
1047 896 1252 984 προγνώσεως

145 1005 339 1085 θειοτέρας,
373 1003 432 1063 οίκ
457 1001 606 1081 ἐπέμεινα
635 1007 700 1075 τοῖς
721 999 831 1075 νώτοις
859 1003 915 1066 τοῦ
943 1002 1040 1065 ἵππου
1063 995 1118 1088 (ῆν
1137 997 1198 1085 γοὶρ
1222 1021 1252 1064 τι
1343 1024 1350 1033 ·

142 1101 265 1183 μικρὸν
286 1101 433 1182 ὀκλάσας,
457 1094 532 1165 ὅσον
552 1099 726 1184 ἀναστῆναι
745 1103 802 1165 κατ’
823 1100 906 1166 πάνυ
940 1097 1069 1191 ῥηίδιον)
1090 1099 1171 1166 ἀλλὰ
1193 1125 1252 1165 κα-

142 1201 247 1284 ταβὰς
267 1204 302 1266 ἒν
322 1202 415 1284 τώχει
437 1202 476 1264 erl
497 1202 701 1284 συναπῆλθον
721 1205 763 1289 τῷ
781 1206 908 1289 κρημνῷ
928 1202 983 1266 καί
1002 1196 1252 1295 assemsum&

144 1300 296 1386 τάχιστα.
328 1303 467 1368 ‘lesem
495 1302 556 1387 γάρ
590 1297 701 1377 πάντες
723 1299 878 1382 θεώμενοι
903 1296 943 1368 ’τὸ
964 1302 1080 1383 καινόν,
1100 1297 1171 1366 ἐπεί
1189 1309 1253 1378 τοῖς
1303 1299 1308 1311 “

104 1402 279 1469 λθκατόπιν
302 1404 359 1468 οο’κ
382 1404 453 1487 ἐξῆν
477 1407 655 1487 περαιτέρω
677 1404 778 1483 ideas,
802 1405 857 1486 τῆς
882 1401 960 1467 ὁδοῦ
989 1406 1107 1487 ἐκείνης
1128 1400 1183 1467 ἕνα
1197 1403 1254 1467 καί

142 1502 244 1587 μόνον
266 1500 495 1587 συγχωρούσης
518 1506 707 1586 διέρχεσθαι
730 1502 783 1566 διὰ
810 1499 845 1565 τὸ
868 1501 950 1568 πάνυ
971 1504 1171 1583 στενώτατον,
1191 1503 1251 1577 ἕως

143 1601 256 1689 ἑτέρου
281 1626 338 1685 μοι
360 1603 596 1687 προσαχθέντος
621 1601 797 1685 ὑποζυγίου
819 1602 837 1687 ῆ
861 1599 1008 1685 ἒπίβασις
1027 1605 1213 1687 ἐπιγίγονιν.

242 1721 382 1800 Ἔξιοῦσι
405 1721 435 1784 δ’
454 1719 529 1803 ῆμϊν
552 1716 596 1796 εἴς
619 1744 649 1785 τι
669 1724 789 1804 χωρίον
810 1725 867 1805 τῆς
887 1725 946 1786 τοῦ
967 1724 1140 1787 fledenae?
1159 1727 1248 1786 κλει-

147 1823 268 1907 σσῦρας
291 1819 397 1906 ἐκτός,
421 1818 589 1902 Τοψώριον
617 1817 920 1905 κατονομαζὸμενοι,
948 1823 1039 1908 φήμη
1066 1844 1112 1898 τις
1133 1821 1250 1887 ε’πεπό-

108 1927 225 1986 ισλασε
245 1917 303 1985 τόν
325 1924 609 1999 καταλελειμμένον
626 1922 659 1984 ἐν
680 1924 845 2008 Μελιτηνῆ
857 1919 1034 2006 στρατηγὸν
1050 1919 1104 1986 ἐπὶ
1124 1924 1161 2010 τῆ
1183 1926 1250 2008 φυ-

148 2025 230 2109 λακῇ
251 2025 307 2104 τῆς
325 2020 497 2102 Ῥωμαιλον
524 2022 579 2105 γῆς
609 2022 750 2104 αἰσχρῶς
780 2023 834 2084 καί
862 2022 1105 2102 βουλεύσασθαι
1134 2026 1191 2086 καί
1211 2020 1248 2087 τώ

146 2123 226 2187 κατὰ
252 2119 308 2185 τόν
326 2119 464 2206 στρατόν
486 2123 701 2206 οἰκονομῆσαι,
722 2121 777 2184 κατ’
794 2125 940 2186 τοσοῦτον
955 2114 1004 2186 ὅτι
1020 2146 1078 2206 περ
1102 2122 1131 2188 οἱ
1154 2128 1248 2188 πολέ-

143 2243 213 2301 μιυτ
236 2218 417 2297 διελθόντες
446 2220 504 2305 τῆν
530 2223 587 2286 τοῦ
616 2223 768 2304 Ἀμορίου
799 2225 960 2286 πολιτείαν
988 2220 1176 2308 α’νῆρπασον
1197 2225 1252 2288 καί

43 2390 51 2415 ⁸
144 2320 241 2408 φόνον
265 2321 390 2406 ἀνδρῶν
419 2321 583 2407 α’μώθητον
619 2322 806 2413 πεποιῆκασι
834 2324 889 2385 καί
918 2322 1101 2411 πανοικεσίρ
1128 2321 1250 2405 ταύτην

103 2422 429 2506 λθῆιθραποδίσαντσ.
471 2428 525 2505 τῆς
543 2425 582 2511 ,δὲ
603 2427 805 2506 παρεμβολῆς
834 2425 939 2488 αώτών
960 2426 1136 2508 α’φεθείσης
1156 2424 1190 2488 ἐν
1210 2425 1267 2510 τῇ·

144 2526 207 2587 του·
226 2524 381 2597 Χαλκλονς
401 2525 582 2614 τοποθεσίη,
608 2520 705 2598 arisbe
727 2523 789 2589 e'ud
818 2524 1035 2608 διαστῆματος
1056 2521 1164 2608 ὀλίγου
1186 2549 1249 2590 συ-

145 2625 380 2708 νηθροισμένην
400 2620 483 2705 ἔχων
501 2625 558 2710 τῆν
578 2621 734 2708 στρατιὰν
758 2627 792 2691 ἐν
814 2627 858 2711 τῷ
879 2626 938 2690 τοῦ
955 2625 1145 2707 Ίζαμαντοῦ
1165 2623 1248 2708 σ’χο-

216 2816 243 2870 3.
264 2815 365 2888 ὀρθὸς]
386 2821 422 2873 ds
443 2817 473 2873 c.

144 2995 208 3064 quie
226 3008 308 3061 repes
326 2991 530 3047 abscindebatur
549 2995 668 3048 mamma.
707 3004 845 3066 postquem
864 3004 952 3049 entem
977 2998 1050 3050 erexi
1069 2998 1140 3051 bnne
1169 2999 1246 3050 irene

144 3080 278 3133 pungens,
297 3067 384 3117 stetim
402 3082 432 3118 se
452 3068 607 3119 concutiens
626 3069 684 3135 ipse
704 3084 799 3135 perse
820 3072 919 3132 ernpe
938 3083 968 3118 se
987 3069 1104 3120 occidis:
1125 3084 1177 3135 ego
1196 3083 1246 3119 au.

143 3143 197 3188 tem
216 3135 309 3187 salvus
327 3136 438 3188 relictus
459 3137 573 3206 gloriam
593 3138 644 3190 deu
667 3154 716 3206 pro
736 3137 851 3205 periculi
871 3136 1032 3189 liberatione
1050 3139 1145 3189 emisit
1164 3138 1246 3187 mire.

144 3208 246 3258 tionem
264 3215 353 3258 sutem
371 3207 532 3260 multitudini
551 3208 652 3274 inludi,
673 3209 804 3278 quomodo
823 3209 898 3275 quasi
918 3224 951 3258 ex
968 3208 1137 3274 providentie
1145 3206 1246 3258 divini.

144 3292 193 3329 ere
211 3293 265 3329 nun
291 3279 477 3330 remansissem
501 3281 529 3330 in
547 3287 624 3348 tergo
645 3283 716 3349 equi.
753 3277 908 3332 demittebat
927 3280 996 3329 enim
1014 3293 1044 3330 se
1062 3276 1199 3345 paululum
1218 3284 1247 3327 nt

144 3350 177 3402 sd
196 3349 387 3419 assurgendum
406 3357 433 3400 et
453 3349 633 3416 veldeieeile‚
652 3351 700 3404 sed
722 3349 886 3403 descendens
905 3349 1033 3401 celeriter
1050 3362 1105 3400 nen
1123 3349 1245 3400 deiectus

145 3434 203 3471 suun
213 3435 280 3487 mpe
300 3428 327 3471 et
346 3434 492 3472 concussus
511 3437 588 3490 quem
608 3423 763 3474 celerrime:
783 3420 921 3473 adstabant
949 3422 1019 3472 euim
1046 3434 1138 3470 amnes
1165 3433 1246 3484 spec.

143 3497 230 3543 taam
248 3506 303 3542 rem
321 3505 429 3553 nerem,
448 3507 507 3543 eum
526 3494 571 3561 qui
591 3509 606 3544 e
626 3502 701 3562 tergo
726 3501 801 3545 erent
819 3506 873 3544 uun
892 3501 1003 3560 possent
1021 3490 1129 3557 langius
1146 3503 1245 3556 prece.

144 3564 219 3624 dere,
239 3562 284 3612 vis
302 3560 352 3613 ills
369 3578 449 3613 unum
469 3569 496 3613 et
514 3563 598 3615 solum
619 3565 732 3617 transire
750 3565 868 3630 patiente
886 3570 996 3630 prepter
1022 3575 1147 3613 summam
1166 3572 1246 3626 prur-

143 3648 190 3683 sus
209 3633 376 3702 angustiemr
396 3632 482 3684 denec
501 3634 555 3686 ulio
575 3635 639 3686 mibi
660 3636 773 3687 adducto
794 3636 911 3686 iumento
933 3628 1056 3685 mcensin
1081 3631 1169 3683 flebat.

244 3734 451 3804 Egredientibus
470 3745 557 3789 autem
576 3738 794 3790 nobisedleenm
814 3738 942 3805 quendem
960 3744 1034 3789 extre
1045 3734 1155 3789 Pudenti
1168 3734 1246 3786 elau-

142 3822 231 3860 saram
249 3804 405 3875 'lypssrium
424 3816 549 3860 vocatum
570 3811 637 3863 lema
657 3810 784 3879 quaedem
804 3808 892 3861 extitit
911 3823 1046 3874 narrans,
1075 3806 1198 3863 relictum
1218 3807 1245 3857 in

142 3876 272 3932 uelitum
291 3878 385 3951 ducem
404 3880 530 3946 praesidii
549 3889 638 3933 terres
658 3881 829 3945 Graecorum,
845 3882 958 3947 turpiter
977 3888 1004 3932 et
1022 3879 1188 3947 deliberasse
1220 3885 1247 3928 et

142 3963 213 4017 quse
230 3951 263 4002 ed
284 3951 429 4003 exereitum
449 3959 570 4018 spectant
589 3953 784 4003 administrasse
804 3959 830 4001 et
848 3959 988 4019 tantopere
1008 3959 1037 4002 ut
1056 3951 1148 4003 bestes
1166 3963 1246 4016 pree-

142 4028 280 4072 terenntes
299 4022 401 4073 Amerii
422 4023 558 4073 civitatem
577 4023 724 4089 diriperent
741 4031 769 4073 et
787 4024 894 4075 caedem
912 4024 1029 4076 virorum
1044 4025 1180 4091 ingentem
1203 4019 1245 4069 la-

141 4100 235 4142 cerent
254 4100 282 4143 et
300 4107 365 4143 eum*
378 4100 433 4144 tuta
453 4085 623 4160 passessiene
644 4108 699 4144 eum
720 4094 747 4144 in
766 4096 922 4147 servitutem
941 4095 997 4148 redi
1019 4103 1102 4146 erent.
1152 4082 1245 4141 cestris

142 4169 230 4213 eutem
249 4164 367 4231 ipsorum
387 4164 490 4217 relictis
512 4169 540 4217 in
559 4164 669 4219 cbslcei
689 4164 761 4231 loce,
781 4168 884 4235 ipseex
900 4110 1045 4219 interrdlu
1057 4178 1140 4233 perro
1162 4173 1243 4211 coac-

142 4240 199 4284 tam
217 4233 319 4287 hebens
342 4238 486 4290 exercitum
513 4239 540 4290 in
559 4236 694 4290 Trementi
713 4239 844 4306 castello,
873 4253 961 4307 neque
980 4237 1046 4289 bene
1073 4246 1170 4301 aspero
1197 4234 1244 4281 tul
