3222 5000
562 323 770 397 fltsnonta.
993 428 996 443 Ι
1157 314 1205 385 27

118 488 209 570 μεῖζον
229 480 468 569 κατεστρέψατο
490 488 585 570 κλέος,
607 483 827 571 ἀδυνατούσης
857 485 1056 569 πάντωςτής
1077 482 1206 567 α’νθροο·

119 592 193 673 πίνης
213 587 345 673 φύσεως
367 583 402 650 τύ
424 585 593 667 με’λλανιύς
614 587 685 650 δέον
708 591 883 668 συμβαλεῖν
899 585 955 650 καί
970 583 1205 668 στοχάσασθαι.

203 686 274 751 Καί
294 686 313 748 o‘
332 689 392 766 μλν
417 689 459 774 τῷ
479 682 610 774 τοιούτῳ
630 684 848 770 προτερήματι
868 688 1033 769 κορεσθείς
1053 688 1205 769 λαμπρῶς

119 790 155 865 είς
175 784 231 871 τήν
253 787 371 853 οἰκείαν
387 783 589 871 παρεμβολήν
604 788 800 871 ε’πανέζευξε,
823 780 1063 872 φιλανθρώποις
1085 809 1207 850 συναν-

102 888 213 972 ετήσεσι
235 889 291 952 καί
310 890 537 972 προσηγορίαις
556 883 794 971 εύφημοτάταις
815 889 872 951 καί
893 895 1097 967 παιανισμοῖς
1118 884 1204 971 παρά

120 991 172 1053 ruis
190 987 270 1073 ἄμφ’
293 986 390 1052 αύτύν
412 984 690 1069 dionomia-6
717 988 753 1051 alal
772 986 925 1069 βασιλεύς
946 988 1074 1072 ἐπείπερ
1098 988 1207 1062 α’δείας

120 1087 280 1173 ίδράξατο,
302 1091 358 1152 καί
389 1082 467 1173 διτερ
492 1089 625 1167 ἐδεδίει,
645 1084 703 1172 τήν
724 1088 879 1173 ἐξεφύδου
902 1087 1045 1173 δηλονότι
1069 1090 1125 1169 τής
1147 1085 1207 1151 πά-

120 1193 186 1263 λεας
200 1182 330 1266 άλωσιν,
352 1182 372 1271 ή
393 1190 467 1250 θεία
488 1189 657 1272 άντιληψις
688 1189 909 1267 διεσκέδασεν,
931 1187 989 1251 ούκ
1010 1189 1145 1273 ήμίλησε
1166 1190 1207 1251 δι’
1258 1240 1271 1260 .

120 1282 181 1373 ὅλης
200 1291 319 1375 ἐκείνης
342 1294 400 1373 τῆς
424 1287 546 1373 ἡμίρας
568 1291 623 1353 καί
641 1292 697 1372 τής
731 1287 840 1364 νυκτύς
865 1290 921 1372 τῆς
944 1290 999 1355 ἐπὶ
1019 1290 1121 1378 ταύτῃ
1139 1289 1208 1354 ε’πι·

90 1389 327 1472 ἱῠοοναθροιζιον
355 1387 430 1481 τούς
461 1389 691 1476 συμφυγόντας
718 1391 780 1454 τῶν
807 1393 943 1455 πολιτῶν
972 1393 1028 1454 καί
1050 1391 1208 1475 τειχήρεις

120 1491 237 1565 ε’σαύβις
257 1486 469 1572 ποιούμενος,
494 1486 550 1566 τάς
571 1514 603 1555 τε
634 1489 734 1566 πύλας
753 1493 952 1574 κατοχυροῖν,
974 1489 1029 1554 καί
1048 1492 1208 1566 ποντοιόις

120 1584 213 1666 ὅπλοις
234 1592 290 1653 καί
308 1598 470 1674 μηχαναῖς
500 1594 555 1656 καί
583 1587 787 1673 πετροβόλοις
812 1586 960 1674 ὀργάνοις
984 1588 1042 1666 τάς
1065 1588 1207 1670 ἐπάλξεις

119 1688 336 1772 περιζαννύαιν.
378 1693 464 1776 τῇδ’
486 1686 617 1776 ἐπιούσῃ
646 1689 701 1765 τάς
721 1689 872 1772 δυνάμεις
897 1691 1076 1777 σι’νειληφούς
1107 1688 1209 1754 ύτύν

117 1785 259 1874 ἑσπερίων
290 1791 460 1878 ύπαίδριον
494 1793 618 1878 κρατιύν
652 1791 855 1876 ἐπιφαίνεται
880 1788 957 1868 ’τοῖς
989 1796 1043 1876 τής
1078 1790 1208 1872 πόλεως,

89 1882 232 1967 15τύελπις
262 1886 307 1956 τάν
344 1892 387 1968 οὖς
423 1898 463 1982 τῇ
498 1879 674 1981 προτεραίρι1
708 1889 908 1976 καταπλήξας
945 1895 1019 1970 τούς
1051 1890 1210 1967 ἐναντίους

117 1991 168 2055 σύν
187 1985 339 2082 εύλαβείρ
369 1995 425 2058 καί
447 1997 539 2083 φόβην
569 1990 657 2077 παρά
690 1991 810 2057 τούτων
837 1992 1115 2078 ύποδεχθήσετιιι,
1151 1993 1210 2069 τάς

119 2092 208 2170 πύλας
243 2093 332 2182 αύτῷ
365 2091 647 2160 άναπεταννύντοσν
683 2094 741 2157 καί
775 2093 830 2176 τῆς
868 2092 949 2177 πρύς
986 2091 1026 2158 τά
1061 2098 1209 2177 βασιλεια

118 2191 265 2293 ριρούσης
307 2198 472 2280 βασιλικῆς
513 2197 764 2279 προημαομὲνωνλ
815 2193 857 2269 ὥς
889 2195 926 2259 δὲ
965 2196 1147 2261 τούνοντίον
1187 2187 1210 2277 ή

118 2292 184 2358 κατά
206 2300 367 2379 ,λογισμον
390 2291 458 2387 εἶχε
486 2299 666 2381 συνηνέχθη
697 2292 797 2384 τούτῳ
827 2291 867 2360 τά
897 2300 1081 2380 πράγματα,
1099 2297 1153 2358 καί
1173 2291 1206 2357 τά

87 2397 167 2473 sats
186 2402 291 2479 τεῖχος
321 2399 446 2479 μειζονι
477 2404 663 2484 παρασκευῇ
690 2400 950 2482 περιειλημμένον
973 2396 1018 2471 είς
1049 2393 1108 2479 τήν
1137 2392 1210 2458 ἐπι-

117 2498 204 2561 οῦσαν
227 2499 389 2578 κατεῖδεν,
423 2496 498 2574 τούς
520 2522 553 2563 τε
586 2500 635 2563 ἐπ’
665 2500 754 2585 ου’τηῖ
785 2502 987 2583 καθημένους
1018 2499 1211 2581 πολεμησεί-

119 2614 199 2669 οντας
221 2599 279 2660 καί
298 2595 356 2680 τήν
373 2590 490 2675 άνοιξιν
505 2601 566 2662 τιύν
588 2600 695 2663 πυλούν
709 2596 960 2683 προτρεπόμενον
981 2599 1208 2676 διαπαίζοντας

119 2698 214 2761 τούτου
238 2697 296 2761 καί
314 2701 581 2783 καθυβρίζοντας,
613 2698 713 2788 πολλά
736 2700 793 2784 τῆς
815 2700 1007 2781 δυσβουλίας
1026 2692 1132 2788 ἓαυτηῖ
1150 2721 1210 2762 κα-

178 2861 222 2913 21.
242 2859 372 2917 κατεῖδον
384 2860 414 2915 O.

119 3021 167 3086 soit
183 3022 312 3091 gloriam,
331 3038 390 3075 curn
408 3038 462 3076 nou
482 3026 567 3091 possit
585 3025 693 3077 omuino
713 3024 847 3077 homiuum
864 3033 959 3078 natura
979 3026 1095 3079 futurum
1114 3033 1144 3079 ut
1159 3042 1211 3079 uo.

121 3096 258 3147 manum
280 3095 508 3161 comprehendere
529 3104 556 3148 et
576 3095 740 3163 intelligere.

206 3168 300 3234 Atque
318 3165 362 3217 hie
381 3167 486 3234 qnidam
512 3168 626 3219 victoria
651 3169 698 3219 tuli
718 3169 827 3220 satiatus
852 3168 991 3235 splendide
1008 3168 1040 3219 ad
1059 3183 1107 3219 sna
1127 3176 1212 3219 castra

120 3238 196 3300 rediit,
217 3237 342 3288 humanis
359 3239 593 3305 prosecutionibus
614 3247 640 3290 et
658 3238 865 3290 allocutionibus
885 3237 1064 3290 blandissimis
1084 3245 1111 3287 et
1128 3253 1212 3303 paea.

118 3308 184 3361 dtas
204 3325 221 3360 a
241 3309 299 3360 suis
319 3317 454 3376 acceptus.
493 3326 541 3361 rex
562 3318 648 3361 antem
674 3312 798 3378 quoniam
825 3308 940 3375 periculi
960 3309 1149 3360 immunitatem
1168 3316 1211 3359 to.

118 3381 167 3430 snit
185 3388 212 3431 et
233 3379 306 3448 quod
326 3388 456 3433 metuerat
481 3382 581 3449 (aditus
600 3383 721 3433 nimirum
743 3380 815 3432 urbis
837 3382 1059 3449 expugnationem
1094 3381 1212 3432 divinuru

119 3450 238 3502 auxilium
265 3452 421 3517 dissipavit,
452 3468 506 3502 non
535 3453 707 3573 negligenter
732 3469 761 3505 so
780 3453 864 3520 gessit
882 3468 930 3518 per
949 3459 1030 3503 totum
1050 3384 1125 3502 illum
1143 3453 1213 3503 diem

120 3530 259 3573 rtnoctenr
278 3531 436 3589 sequentem
456 3539 514 3574 cum
534 3524 678 3591 coligeret
696 3524 883 3591 confugientes
908 3525 982 3576 eires
1007 3531 1034 3574 et
1052 3523 1133 3573 muris
1152 3524 1213 3573 cin.

119 3600 166 3644 rtos
183 3609 282 3645 rursus
303 3593 405 3645 laceret
423 3603 450 3646 et
469 3602 557 3661 portas
575 3597 690 3647 muniret
709 3605 736 3647 et
763 3597 846 3647 variis
864 3596 942 3646 urinis
962 3603 989 3645 et
1007 3593 1214 3646 machinationi.

118 3662 157 3717 lu
176 3673 203 3716 et
222 3664 342 3716 ballistis
361 3681 462 3716 murana
492 3682 619 3717 summurn
646 3668 782 3735 cingeret,
810 3675 918 3733 postero
943 3675 1030 3718 autem
1049 3666 1092 3717 die
1112 3665 1214 3718 viribus

118 3738 226 3802 receptis
254 3734 296 3786 illi
321 3736 367 3803 qui
392 3732 491 3803 eampi’s
516 3739 542 3788 in
566 3739 698 3789 occidenti
722 3738 823 3803 sportis
847 3739 948 3804 potitus
976 3745 1033 3789 erat
1051 3746 1161 3805 apparet
1179 3739 1214 3789 iis

118 3807 155 3872 qai
171 3809 201 3858 in
222 3806 293 3858 urbe
315 3814 405 3869 erant,
425 3816 500 3858 certo
518 3823 637 3874 sperans,
657 3824 687 3859 so
706 3810 804 3876 quippe
825 3825 882 3859 curn
902 3811 1041 3875 superiore
1060 3811 1103 3862 (lie
1124 3819 1213 3860 tarra.

119 3880 174 3930 rarat
199 3878 314 3941 hostes,
340 3886 416 3929 cante
441 3887 469 3928 et
487 3881 577 3929 timide
598 3879 631 3929 ab
651 3879 691 3931 his
711 3888 846 3944 receptura
866 3881 908 3943 iri,
929 3883 973 3949 qai
994 3890 1083 3948 portas
1103 3883 1128 3930 oi
1146 3897 1213 3948 ape.

118 3950 192 4003 ιίτετιλ
218 3958 249 3999 et
276 3964 346 4016 qirae
371 3949 402 4000 ad
427 3952 530 4016 regiain
554 3951 665 4002 duceret
690 3950 826 4002 basilicam
847 3959 1007 4016 praeeuntes
1027 3960 1212 4003 monstrarent

119 4034 167 4069 stru
193 4029 288 4071 rutena
319 4027 411 4069 contra
436 4036 467 4071 ac
495 4020 702 4074 ratiocinabatur
727 4022 752 4070 ei
783 4023 959 4089 contigissent
985 4039 1028 4074 ros
1058 4031 1086 4074 et
1112 4038 1213 4073 uturum

118 4094 208 4142 uaiore
228 4098 361 4157 apparatu
380 4092 494 4143 cinctura
518 4094 638 4158 proximo
665 4093 708 4142 oie
734 4092 866 4156 riderent,
893 4109 939 4144 eoa
960 4102 1047 4144 auteur
1067 4096 1111 4161 qni
1133 4096 1158 4143 in
1180 4109 1212 4143 oo
1276 4107 1291 4116 ·

65 4216 67 4223 y
118 4164 248 4213 constituri
270 4169 346 4213 erant
364 4172 527 4229 pugnaturos
548 4173 574 4216 et
594 4163 673 4225 hunc,
702 4179 760 4214 cum
780 4173 807 4213 ut
833 4167 968 4231 aperirent
987 4173 1075 4231 portas
1092 4172 1215 4214 moneret

117 4233 224 4287 aaaron
247 4242 277 4286 et
295 4231 456 4300 illudentes,
481 4250 644 4313 magnopere
673 4244 783 4302 propter
815 4237 988 4289 temeritatem
1012 4251 1041 4289 so
1071 4235 1211 4297 incusavit,
